1951 3040
146 83 200 123 18

264 200 335 238 Sed
362 201 458 237 haud
484 202 615 238 diceres
644 201 811 239 Plautum
837 203 874 239 in
901 203 1041 239 senibus
1079 203 1195 240 nullas
1221 202 1332 240 bonas
1358 206 1450 240 anes
1488 203 1601 240 inesse
1640 214 1809 251 negasse3

144 273 213 296 non
240 262 333 296 enim
360 261 633 297 obliviscendum
659 265 713 297 est
728 274 807 297 eum
835 262 1017 307 aequalem
1044 262 1149 298 fuisse
1176 261 1322 298 Catonis
1348 262 1498 298 hominis
1523 253 1718 308 numquam
1741 274 1810 298 non

143 320 286 364 iuvenis,
313 320 372 365 qui
390 320 535 356 summis
552 320 736 356 virtutibus
754 321 816 356 viri
836 320 1068 357 adulescentis
1094 320 1338 356 ardentissimo
1363 321 1504 367 ingenio
1522 320 1701 367 praeditus
1726 324 1811 356 erat.

143 379 222 414 Etsi
248 379 355 415 talem
382 392 500 415 senem
529 392 596 415 non
624 380 849 425 producebat,
876 393 920 416 ne
946 380 1100 416 fabulam
1141 380 1311 426 gravitate
1350 380 1517 420 turbaret,
1556 377 1673 416 tam'en
1701 392 1812 424 senes,

143 439 202 484 qui
229 452 272 474 ex
298 439 381 474 ludo
406 440 582 485 Epicureo
609 444 718 484 erant,
745 440 902 486 pluribus
929 441 1013 476 locis
1040 444 1185 476 conatus
1212 444 1266 476 est
1291 440 1494 476 describere.

265 498 381 535 Senex
407 499 580 535 iucundus
607 503 711 545 atque
738 512 876 546 semper
901 500 989 535 bene
1017 499 1172 545 affectus,
1197 500 1256 546 qui
1283 499 1385 535 hilari
1412 503 1518 546 atque
1558 511 1669 546 aequo
1695 499 1812 536 animo

143 559 320 595 molestias
363 560 550 595 senectutis
588 559 663 603 fert,
707 560 1022 606 Periplectomenes
1060 561 1172 595 estin
1200 559 1329 603 fabula,
1363 571 1454 605 quae
1494 559 1600 594 Miles
1643 553 1812 605 gloriosus

143 618 350 654 inscribitur.
386 618 456 665 Qui
484 619 735 655 consuetudine
775 620 978 656 coniunctus
1017 632 1093 655 cum
1135 619 1300 655 Pleusido
1339 631 1505 666 persaepe
1542 618 1707 654 admonet
1732 631 1811 654 eum

143 682 399 724 praeceptaque
426 679 456 714 ei
484 679 554 714 dat.
582 678 748 715 Iuvenilis
776 680 879 714 ardor
905 680 1029 714 iterum
1056 680 1149 714 visus
1175 684 1229 715 est
1247 679 1470 725 expergefieri
1487 679 1512 723 ²)
1539 679 1651 714 fronte
1677 690 1814 724 semper

145 739 220 784 pari
239 742 274 773 et
291 738 404 774 laetus
424 739 468 774 ad
488 739 672 774 iocandum
701 752 845 774 numero
872 751 991 774 senum
1021 739 1275 785 decrepitorum
1303 739 1406 775 inseri
1433 738 1530 774 nullo
1557 738 1660 773 modo
1686 738 1760 774 vult
1777 739 1811 783 ⁸);

147 811 226 832 nam
254 798 360 833 habet
386 799 491 837 etiam
520 811 612 833 nunc
637 799 672 833 in
700 811 841 844 corpore
877 799 1095 843 aliquantum
1136 800 1264 834 amoris
1302 799 1525 844 humorisque
1542 799 1577 842 ⁴).
1616 797 1812 833 Dulcedine

146 860 251 904 atquc
278 858 450 893 suavitate
466 870 600 893 morum
623 862 675 893 est
693 870 896 905 semperque
914 858 1002 894 mira
1029 858 1209 893 alacritate
1228 858 1273 894 ad
1295 859 1406 895 iocum
1427 858 1577 905 aliquem
1603 854 1812 902 faciendum3

145 918 206 953 sed
233 918 307 953 eius
334 930 465 953 errores
492 922 574 953 sunt
599 922 670 953 tam
699 919 911 962 innocentes,
946 922 984 953 ut
1009 918 1050 953 iis
1075 918 1176 953 facile
1217 918 1446 963 ignoscamus.
1487 917 1587 953 Licet
1624 917 1814 963 patefaciat

147 990 248 1017 aures
274 977 523 1021 adulatoribus,
550 977 642 1012 hanc
668 977 941 1012 imbecillitatem
981 981 1099 1012 tamen
1139 989 1356 1021 excusamus,
1382 978 1417 1012 in
1444 990 1514 1023 qua
1540 989 1609 1012 non
1636 977 1812 1013 desidera-

119 1075 122 1080 ,
144 1050 222 1073 mus
248 1038 345 1083 illam
371 1037 614 1080 urbanitatem,
642 1050 746 1082 quam
774 1049 810 1071 re
836 1037 1031 1071 Palaestrio
1058 1037 1197 1082 quidem
1224 1037 1297 1082 ipse
1324 1037 1482 1082 ignorat;
1509 1037 1593 1072 varii
1612 1037 1705 1072 enim
1731 1041 1814 1072 sunt

145 1097 281 1142 generis
308 1096 535 1139 adulationes3
553 1108 622 1130 una
649 1096 814 1130 indecora
831 1108 871 1130 ac
889 1096 1001 1140 foeda,
1019 1108 1089 1141 qua
1107 1108 1224 1131 servus
1250 1096 1286 1130 in
1305 1096 1452 1131 milit‘em
1480 1096 1666 1142 gloriosum
1693 1096 1815 1140 utitur,

145 1157 256 1192 altera
283 1155 580 1203 assentatiuncula
618 1158 755 1190 tantum
795 1156 828 1189 in
867 1167 983 1190 senem
1011 1155 1193 1190 urbanum.
1235 1153 1342 1190 Senio
1369 1155 1483 1200 gravis
1510 1155 1626 1190 animo
1651 1155 1812 1190 iniuriam

145 1217 270 1251 aetatis
309 1227 388 1251 cum
428 1215 524 1250 haud
562 1227 774 1260 quamquam
815 1215 951 1258 sentiat,
978 1218 1017 1250 ut
1042 1214 1100 1249 ille
1128 1214 1279 1259 Gorgias
1316 1214 1510 1250 Leontinus
1550 1214 1663 1249 dicere
1700 1215 1813 1260 potuit

149 1276 257 1311 »nihil
283 1276 395 1311 habeo
422 1275 514 1321 quod
542 1287 700 1309 accusem
729 1278 979 1309 senectutem«.

264 1336 384 1371 Etiam
413 1335 470 1370 alii
499 1334 666 1370 eiusmodi
708 1346 807 1369 senes
847 1335 881 1369 iu
909 1334 1035 1369 fabulis
1063 1334 1235 1369 Plautinis
1262 1335 1493 1379 inveniuntur,
1533 1338 1572 1369 ut
1597 1334 1724 1380 Hegio,
1751 1335 1811 1380 qui

146 1396 241 1431 nullo
268 1396 373 1430 modo
399 1395 688 1440 Periplectomeni
716 1394 976 1439 posthabendus
1004 1398 1064 1437 est,
1091 1398 1130 1428 ut
1156 1394 1293 1428 Daemo
1319 1394 1504 1437 Rudentis,
1544 1395 1599 1429 cui
1626 1394 1669 1429 ob
1696 1395 1807 1439 gravi-

145 1459 253 1490 tatem
281 1455 433 1489 maxima
474 1454 619 1489 debetur
645 1454 847 1489 reverentia.

266 1514 408 1550 Scilicet
434 1526 504 1548 nou
531 1526 650 1548 omnes
678 1513 847 1548 eiusmodi
874 1517 964 1548 sunt.
992 1513 1136 1548 Plurimi
1164 1513 1398 1548 nocentissimi
1425 1525 1525 1548 senes
1551 1517 1642 1557 sunt,
1684 1514 1807 1549 intem-

145 1578 317 1620 perantes,
344 1574 518 1619 loquaces,
545 1585 758 1618 quamquam
787 1573 900 1607 manci
920 1576 954 1607 et
971 1572 1131 1607 omnibus
1158 1572 1321 1607 membris
1347 1567 1440 1618 capti
1467 1585 1509 1607 ac
1526 1572 1666 1616 debiles,
1692 1576 1809 1609 tamen

146 1633 280 1669 venerei
309 1637 344 1668 et
369 1632 504 1678 perdite
532 1636 691 1667 amantes
719 1654 763 1657 —
793 1632 898 1675 avari,
926 1644 967 1667 ne
994 1632 1096 1677 plura
1122 1644 1204 1666 vera
1230 1635 1386 1667 monstra
1412 1636 1447 1667 et
1472 1632 1640 1678 prodigia.

266 1692 399 1728 Amore
427 1693 518 1738 capti
546 1692 701 1738 plerique
729 1696 819 1727 sunt.
846 1692 914 1733 En,
931 1691 1188 1737 Demiphonem
1216 1691 1433 1736 Mercatoris,
1452 1704 1571 1727 senem
1597 1692 1810 1738 stultumque

146 1755 337 1788 amatorem
355 1753 390 1796 ⁶).
417 1752 474 1787 Ex
501 1752 574 1787 eius
600 1751 744 1787 libidine
785 1752 1002 1787 foedissimae
1043 1749 1134 1786 artes
1174 1751 1340 1787 oriuntur.
1379 1751 1439 1786 Fit
1477 1751 1594 1796 falsus,
1633 1763 1669 1787 se
1695 1752 1809 1798 ipsum

144 1812 339 1856 fiustratur‚
367 1812 496 1848 amicos
523 1811 657 1847 deludit
674 1812 697 1857 6)
725 1811 796 1847 filio
822 1811 979 1847 fraudem
1006 1812 1098 1848 facit.
1125 1825 1203 1848 cum
1230 1812 1304 1858 ipse
1331 1812 1505 1856 ancillam,
1523 1825 1628 1857 quam
1654 1813 1809 1859 ineptam

144 1871 235 1906 filius
262 1872 467 1917 expulsurus
486 1875 547 1914 est,
565 1883 627 1916 per
653 1871 941 1914 benevolentiam,
969 1875 1007 1905 ut
1033 1872 1184 1915 simulat,
1212 1875 1316 1916 atque
1343 1871 1598 1906 observantiam
1624 1872 1750 1907 retinet
1765 1873 1809 1917 ⁷);

144 1932 194 1966 ita
220 1931 380 1966 omnibus
410 1931 523 1966 nervis
549 1930 738 1973 contendit,
765 1934 803 1965 ut
830 1930 1080 1976 perditissimus
1107 1930 1169 1965 fiat
1194 1942 1316 1966 senum
1333 1930 1367 1975 ⁸).
1411 1929 1515 1976 Quod
1540 1934 1678 1976 tempus
1719 1931 1810 1967 vitae

134 1991 315 2035 'reliquum
341 1994 404 2034 est,
431 1990 620 2035 voluptate,
650 1990 728 2023 vino
755 1993 790 2023 et
808 2002 924 2024 amore
951 1990 1068 2024 studet
1094 1990 1231 2036 explere
1249 1990 1282 2034 ⁹).
1327 1990 1370 2024 In
1389 1990 1510 2036 primis
1528 1990 1651 2026 Venus
1673 1991 1811 2036 eminet,

145 2051 468 2098 impatientissimus
495 2062 612 2085 morae
639 2053 701 2092 est,
728 2049 814 2084 nihil
831 2050 861 2085 ei
880 2049 1017 2096 longius
1043 2050 1189 2095 videtur,
1215 2063 1321 2096 quam
1343 2050 1426 2087 dum
1453 2050 1632 2086 mulierem
1654 2051 1810 2097 aspiciat,

145 2124 251 2157 quam
291 2111 475 2156 complexu
513 2113 632 2145 teneat
650 2110 701 2152 ¹⁰).
729 2110 843 2144 Immo
887 2122 930 2144 ne
957 2110 1021 2144 sibi
1048 2110 1188 2155 quidem
1216 2110 1423 2155 persuadere
1451 2113 1575 2156 potest,
1602 2122 1700 2146 senes
1727 2122 1811 2155 esse,

145 2172 202 2217 qui
230 2171 389 2207 ultimam
417 2173 568 2205 aetatem
596 2182 664 2205 non
693 2169 858 2215 expleant
883 2169 1083 2206 libidinibus
1101 2170 1151 2215 ¹¹).
1779 2174 1782 2177 '

266 2231 368 2266 Alter
393 2230 570 2275 Demipho
589 2234 642 2265 est
661 2229 798 2265 Stalino
818 2230 851 2264 in
873 2230 1061 2266 »Casina«.
1089 2230 1126 2266 Is
1143 2231 1227 2265 item
1254 2243 1371 2265 amore
1398 2234 1531 2276 captus,
1557 2230 1726 2275 omnibus,
1752 2231 1810 2277 qui

144 2292 246 2327 simul
274 2303 352 2326 cuni
379 2303 420 2326 eo
446 2290 618 2333 vivebant,
646 2289 802 2325 fraudem
830 2290 921 2326 facit.
953 2290 1075 2336 [taque
1104 2302 1181 2325 cum
1223 2290 1341 2336 paullo
1382 2293 1487 2326 antea
1513 2290 1556 2325 de
1583 2290 1811 2326 condimentis

145 2351 323 2386 amatoriis
350 2354 385 2385 et
411 2350 453 2385 de
481 2350 820 2393 commutationibus,
847 2363 934 2395 quas
961 2363 1059 2385 amor
1086 2349 1237 2385 casinae
1264 2350 1408 2396 perfecit
1432 2353 1575 2396 questus
1597 2350 1650 2394 sit,
1668 2362 1809 2386 uxorem

144 2412 178 2446 iu
206 2414 431 2456 conspectum
472 2410 667 2445 venientem
690 2422 760 2445 uno
776 2410 846 2445 fere
873 2411 1038 2456 temporis
1066 2413 1207 2456 puncto,
1233 2410 1329 2445 velut
1345 2410 1374 2446 si
1396 2410 1518 2445 eodem
1544 2419 1648 2445 sensu
1674 2422 1811 2457 semper

144 2471 256 2514 suerit,
296 2470 449 2504 maxima
488 2469 704 2505 iucunditate
745 2470 975 2515 comitateque
1016 2470 1202 2515 compellat
1220 2471 1260 2513 ¹²)
1300 2482 1446 2516 eamque
1485 2469 1687 2505 mollissimo
1713 2471 1809 2507 vultu

144 2531 277 2576 aspicit.
319 2531 370 2564 At
410 2529 555 2564 ridicula
595 2529 633 2564 fit
674 2529 759 2564 baec
800 2529 958 2564 trabeata
998 2543 1095 2573 anus,
1123 2530 1150 2564 si
1177 2529 1266 2565 salsa
1292 2542 1354 2576 pro
1387 2530 1476 2564 veris
1518 2532 1647 2573 namt,
1685 2530 1811 2575 quibus

144 2594 318 2637 postremo
344 2590 443 2635 quasi
481 2589 613 2635 laqueis
653 2590 806 2625 irretitur
823 2589 873 2634 ¹³).
902 2612 947 2615 —
976 2589 1036 2625 Ad
1064 2589 1129 2625 hoc
1168 2589 1327 2631 omnibus
1366 2601 1486 2625 senum
1528 2588 1618 2624 vitiis
1656 2589 1810 2634 laborat;

142 2650 246 2685 modo
273 2662 429 2684 morosus
456 2653 508 2684 est
534 2653 568 2683 et
594 2649 788 2684 malitiosus
808 2650 859 2692 ¹⁴),
887 2649 989 2684 modo
1017 2649 1157 2684 humilis
1185 2653 1220 2683 et
1246 2649 1394 2696 supplex
1411 2648 1461 2692 ¹⁵).

144 2710 502 2763 W
522 2729 663 2764 gloriosus
685 2730 751 2761 422.
776 2730 842 2764 624,
866 2729 932 2758 6:36.

261 2771 292 2800 ⁵).
313 2771 346 2804 ὃ),
371 2771 401 2804 ⁷),
425 2770 456 2804 ⁸),
479 2769 512 2804 ⁹),
537 2770 571 2805 ι0)
593 2769 735 2798 Mei-vator
755 2770 821 2802 259,
845 2769 917 2800 26οε
941 2769 1012 2804 389;
1036 2770 1111 2802 414;
1135 2769 1209 2798 536;
1233 2769 1307 2798 545;
1330 2769 1397 2797 555.

263 2811 297 2844 ¹¹)
326 2809 421 2844 ›Quasi
443 2812 475 2837 tu
499 2818 653 2846 numquam
677 2809 833 2846 quidquam
856 2809 985 2837 adsimile
1008 2809 1092 2838 liuius
1114 2809 1181 2838 fzwti
1204 2808 1330 2837 temris«.

265 2851 308 2883 ¹²),
333 2851 377 2880 ¹³¹),
403 2850 446 2884 ¹⁴),
472 2850 507 2884 ¹⁵)
529 2848 633 2877 Casina
656 2849 722 2880 213:
745 2849 811 2884 355;
834 2848 905 2885 425(
928 2849 994 2877 443.
