1951 3040
167 58 194 97 4

162 185 275 217 esse«,
302 184 546 208 memoramus.
588 172 681 207 Nam
722 172 871 208 Flaccus
909 172 978 208 illis
1017 176 1094 208 erat
1131 161 1356 219 temporibus,
1392 172 1521 219 ,quibus
1552 173 1637 209 artis
1675 172 1834 220 poeticae

162 244 290 268 norma
315 235 350 268 et
376 232 498 278 regula
524 232 589 267 nisi
616 231 781 267 adhibitis
808 231 976 278 exemplis
1002 231 1220 268 Graecorum
1245 230 1393 267 inveniri
1413 243 1483 267 non
1500 231 1624 278 potuit.
1651 253 1696 258 ——
1724 231 1839 276 Ferat·
1883 259 1892 264 .

162 304 245 338 ergo
273 291 474 327 humaniter
512 291 670 336 Plautus,
709 294 810 338 pater
847 291 1002 327 omnium
1042 291 1262 335 comicorum,
1289 290 1318 326 si
1352 290 1511 337 proxima
1547 291 1733 338 posteritas
1758 291 1833 327 eius

163 351 343 396 ingenium
370 350 601 396 vituperando
628 349 789 395 affligere
816 350 988 394 studebat,
1014 349 1187 396 siquidem
1225 350 1379 386 Ioannes
1419 349 1530 386 Sachs
1555 353 1669 397 poeta,
1697 351 1829 392 animo,-

163 423 244 446 cum
270 423 311 446 eo
338 410 651 454 coniunctissimus,
677 410 737 456 qui
764 410 913 446 Plautus
939 410 1026 445 sexti
1053 409 1178 445 decimi
1199 408 1329 445 saeculi
1344 421 1378 455 p.
1397 408 1462 446 Oh.
1481 422 1513 445 n.
1532 413 1684 455 vocatur,
1713 409 1833 446 dehita

162 470 270 506 laude
297 470 357 506 diu
383 470 567 505 fraudatus
593 470 740 505 iustiora
765 474 993 516 posterorum,
1020 483 1126 516 quam
1153 482 1236 505 suae
1263 472 1326 505 aut
1350 470 1529 515 proximae
1555 470 1682 506 aetatis
1702 470 1831 506 iudicia

164 533 371 565 consecutus
398 534 460 565 est.
488 552 533 555 -—
563 529 634 575 Qui
661 542 740 565 cum
767 543 789 565 a
816 529 967 565 Goethio
994 533 1029 564 et
1055 543 1077 564 a
1102 528 1293 564 Wielando
1319 529 1353 564 in
1381 541 1482 565 suam
1508 529 1715 576 dignitatem
1741 533 1833 566 esset

164 590 355 633 restitutus,
383 589 510 624 Manes
549 588 668 624 Plauti
708 589 772 624 sibi
815 588 1121 634 Shakespearium,
1162 588 1374 633 Molierium,
1418 588 1639 634 Lessingium
1682 590 1831 636 optimos

163 649 361 684 defensores
387 648 576 693 elegerunt.

283 707 441 751 Plautus,
480 710 666 753 postquam
707 707 830 742 exilem
871 707 1101 743 hereditatem
1141 707 1276 754 accepit
1314 706 1509 751 Andronici
1549 710 1584 742 et
1609 706 1745 752 Naevii,
1771 708 1831 754 qui

165 767 381 804 Graecorum
409 767 607 803 comoedias
633 771 695 802 aut
721 771 802 802 sunt
828 767 953 801 imitati
981 766 1083 801 modo
1103 770 1165 802 aut
1181 766 1308 801 Lat-ine
1324 766 1559 811 reddiderunt,
1575 779 1644 802 non
1662 768 1831 813 pecuniae

163 827 385 875 quaerendae
412 840 528 872 causa,
555 832 595 863 ut
620 827 790 863 Horatius
807 827 832 871 ⁵)
860 827 891 862 ei
908 827 1066 863 invidens
1085 827 1220 863 crimini
1246 827 1351 871 dedit,
1370 826 1416 862 ad
1431 826 1629 863 comoedias
1654 827 1831 864 faciendas

163 888 335 934 impulsus
353 888 512 932 rest,.sed
539 888 660 923 eodem
688 888 820 933 impetu
847 891 1041 923 commotus
1068 891 1130 931 est,
1162 900 1230 933 quo
1258 887 1424 923 Cratinus
1440 888 1476 932 ὓ),
1515 899 1583 933 quo
1609 887 1715 922 etiam
1743 887 1824 923 Ari-

163 947 353 994 stophanes
368 948 403 992 ⁷).

285 1006 455 1054 Quamvis
481 1019 565 1042 sono
592 1019 715 1052 parum
743 1006 947 1050 verecundo,
975 1019 1142 1052 persaepe
1171 1006 1281 1041 verbis
1308 1006 1487 1042 obscoenis
1514 1019 1596 1042 usus
1613 1007 1657 1042 sit
1672 1006 1832 1052 Plautus,

164 1071 283 1102 tamen
310 1070 447 1102 tantum
475 1066 647 1102 scribendi
674 1066 850 1111 elegantia
876 1070 911 1101 et
937 1066 1068 1101 salibus
1094 1066 1187 1101 visus
1215 1069 1269 1101 est
1293 1066 1516 1111 praestitisse,
1535 1069 1574 1101 ut
1602 1065 1725 1102 Aelius
1743 1066 1833 1103 Stilo

163 1126 338 1162 affirmare
365 1138 434 1161 non
462 1125 680 1169 dubitaverit,
708 1125 832 1161 Musas
849 1126 943 1172 ipsas
961 1125 1127 1161 Plautino
1154 1137 1313 1161 sermone
1331 1125 1508 1161 locuturas
1526 1125 1641 1170 fuisse,
1660 1126 1689 1162 si
1705 1125 1832 1161 Latine

164 1186 259 1232 loqui
286 1186 483 1221 voluissent.
511 1207 556 1210 —
584 1185 639 1219 At
664 1185 791 1221 Musae
819 1198 889 1221 non
915 1185 1028 1221 solum
1054 1185 1219 1220 Plautine
1253 1185 1389 1220 locutae
1429 1188 1554 1228 essent,
1581 1197 1700 1220 verum
1726 1186 1831 1221 etiam

165 1246 391 1291 cogitassent;
420 1257 501 1280 nam
528 1245 562 1280 in
591 1244 720 1280 Plauto
747 1244 902 1280 divinum
929 1245 1106 1291 quoddam
1134 1245 1312 1290 ingenium
1340 1244 1461 1280 inerat.
1490 1244 1572 1279 Non
1599 1245 1692 1280 enim
1718 1245 1831 1281 solum

164 1306 293 1351 ingenii
321 1305 505 1348 calliditas,
533 1317 600 1339 non
629 1304 789 1339 subtilior
816 1309 962 1339 naturae
988 1305 1163 1340 humanae
1190 1305 1345 1348 scientia,
1374 1317 1441 1339 non
1469 1304 1655 1350 descriptio
1695 1317 1830 1341 morum

165 1365 426 1400 accuratissima
452 1368 487 1399 et
513 1364 791 1409 diligentissima,
818 1364 879 1399 sed
906 1365 1012 1400 etiam
1039 1367 1185 1400 naturae
1212 1364 1422 1408 incunditas,
1443 1364 1611 1408 hilaritas,
1631 1364 1831 1400 humanitas

164 1438 241 1460 eum
270 1424 451 1466 ornabant,
478 1428 790 1469 ornamentumque
817 1425 986 1470 optimum
1019 1424 1228 1459 comicorum
1250 1424 1453 1459 reddebant.
1484 1424 1610 1470 Itaque
1628 1437 1707 1460 cum
1734 1425 1829 1460 Enni

168 1475 319 1528 Pacuvii,
358 1483 449 1518 Attii
489 1483 690 1528 tragoediae
718 1483 862 1519 affectus
888 1484 981 1529 ipsos
1007 1483 1264 1518 lacrimantium
1300 1487 1495 1529 tangerent,
1533 1483 1700 1519 Plautina
1725 1484 1831 1519 Musa

165 1545 299 1579 animos
325 1543 512 1579 ridentium
539 1544 725 1578 commovit
751 1543 959 1589 eosdemque
986 1543 1094 1578 animi
1120 1546 1235 1579 motus
1262 1542 1388 1579 effecit.
1427 1543 1499 1579 Hic
1521 1543 1638 1580 irrisor
1663 1543 1834 1590 petulans,

164 1605 223 1650 qui
249 1604 415 1640 honorem
442 1603 594 1639 familiae
635 1604 818 1639 Romanae
858 1616 983 1649 purum
1010 1607 1045 1639 et
1070 1604 1244 1648 integrum
1284 1615 1358 1638 esse
1399 1616 1469 1638 non
1508 1616 1609 1649 posse
1650 1606 1746 1639 ratus
1772 1607 1834 1648 est,

166 1665 231 1699 nisi
257 1664 293 1699 in
320 1663 524 1709 cauponulis
550 1663 753 1707 delituisset,
793 1663 910 1698 animo
949 1663 1250 1698 coniunctissimus
1289 1666 1365 1697 era-t
1390 1675 1469 1698 cum
1495 1663 1555 1698 illo
1582 1662 1833 1709 Aristophane,

166 1724 225 1769 qui
252 1724 374 1759 ceteris
401 1723 540 1758 comicis
567 1723 750 1758 severitate
777 1726 812 1758 et
838 1723 1008 1767 gravitate
1036 1722 1247 1768 praestabat.
1274 1721 1351 1757 Nec
1379 1722 1521 1757 mirum!
1548 1722 1676 1758 Nonne
1702 1722 1830 1758 Hiero-

166 1795 301 1829 nymus,
328 1782 385 1817 ille
413 1783 651 1817 sanctissimus
679 1782 738 1826 vir,
765 1782 932 1817 Plautina
971 1782 1078 1816 Musa
1118 1781 1311 1816 delectatus
1353 1785 1414 1825 est,
1454 1794 1531 1817 cum
1570 1785 1650 1828 post
1679 1782 1832 1817 noctium

167 1842 306 1877 crebras
334 1841 469 1887 vigilias
509 1842 745 1876 remissionem
786 1842 968 1876 honestam
1011 1844 1193 1886 quaereret
1208 1839 1258 1883 Β).9
1297 1840 1424 1876 Nonne
1465 1854 1536 1877 una
1562 1841 1753 1886 eademque
1778 1853 1833 1876 res

167 1906 229 1946 est,
257 1902 342 1936 vitia
381 1901 562 1947 deplorare
589 1904 624 1936 et
650 1900 837 1935 deiidere?
878 1900 1058 1946 Quantum
1099 1900 1204 1946 igitur
1243 1901 1384 1935 maximi
1424 1901 1546 1947 tragici
1585 1901 1834 1944 Romanorum,

166 1965 303 1998 tantum
331 1962 436 1996 etiam
466 1961 615 1996 Plautus
642 1961 763 1996 effecit.
792 1960 962 2006 Quotiens
990 1961 1081 1996 enim
1108 1960 1198 1995 sales
1225 1960 1367 1996 acerbos
1393 1961 1524 1996 solvere
1552 1961 1675 2007 coepit,
1706 1959 1832 1995 totiens

164 2021 365 2057 comoediae
393 2024 541 2055 stratum
569 2020 703 2064 cecidit,
730 2021 813 2065 quia
840 2021 976 2055 asinum
1004 2033 1072 2065 pon
1100 2020 1214 2065 potuit
1231 2021 1265 2062 9).

284 2081 385 2116 Haec
411 2093 525 2126 pauca
550 2080 706 2126 profatus
738 2093 805 2115 non
834 2080 869 2115 id
896 2080 961 2125 egi,
989 2084 1028 2115 ut
1067 2079 1185 2115 Plauti
1225 2080 1309 2115 vitia
1351 2084 1413 2116 aut
1453 2081 1595 2116 virtutes
1634 2079 1832 2123 deformem,

164 2142 226 2176 sed
268 2141 303 2175 id
343 2144 480 2174 tantum
520 2140 628 2175 secuti
668 2153 797 2183 sumus,
838 2143 876 2174 ut
915 2140 1168 2174 constituamus
1195 2143 1230 2174 et
1249 2140 1480 2185 designemus,
1519 2153 1624 2186 quam
1663 2141 1831 2175 rationem

163 2204 267 2246 poeta
305 2200 340 2234 in
367 2199 601 2233 describendis
634 2199 786 2233 moribus
813 2199 942 2241 inierit3
963 2211 1044 2233 nam
1063 2199 1098 2232 in
1117 2198 1346 2244 descriptione
1372 2212 1507 2235 morum
1526 2199 1675 2234 Plautus
1693 2210 1830 2243 semper

164 2261 217 2295 sui
244 2259 361 2294 iudicii
388 2271 433 2293 er
426 2262 471 2293 tt.
500 2258 603 2304 Quod
631 2262 748 2293 autem
776 2271 794 2293 e
812 2258 1027 2293 Graecorum
1054 2258 1180 2293 sabulis
1206 2258 1441 2303 transtulerat,
1463 2259 1498 2294 id
1516 2259 1566 2294 illi
1584 2258 1666 2294 vitio
1692 2260 1829 2294 tantum

165 2323 218 2354 est
243 2319 374 2353 datum.
403 2317 578 2363 Quamqu·
572 2330 628 2352 un
646 2330 724 2352 cum
741 2318 880 2352 comicis
898 2317 1043 2352 Graecis
1062 2330 1166 2363 saepe
1183 2321 1235 2352 est
1251 2322 1481 2363 compa-ratus,
1503 2322 1621 2353 tamen
1649 2329 1827 2363 nunquam

166 2378 312 2414 evadeie
339 2377 503 2413 studebat
529 2377 618 2412 alter
644 2376 842 2412 Menandel
868 2389 979 2422 neque
1006 2380 1089 2412 erat.
1117 2377 1231 2413 Immo
1258 2390 1337 2413 vero
1363 2381 1403 2413 ut
1427 2378 1485 2414 ille
1513 2377 1708 2423 Autolycus
1735 2376 1825 2412 colo-

164 2451 218 2473 res
243 2438 348 2472 boum
376 2441 610 2482 surreptorum
629 2438 679 2472 ita
695 2438 929 2481 commutavit,
949 2441 987 2472 ut
1004 2450 1105 2472 verus
1132 2437 1293 2473 dominus
1320 2451 1378 2473 eos
1405 2450 1593 2484 agnoscere
1611 2450 1678 2472 non
1706 2440 1831 2483 posset.

286 2548 309 2579 ⁵)
332 2546 432 2574 Horat.
455 2546 569 2584 epistul.
592 2546 629 2575 11.
656 2546 679 2575 l.
705 2547 769 2575 170.

287 2587 314 2625 ⁶)
341 2587 459 2631 ὥσπερ
486 2586 633 2632 δημοσίᾳ
655 2587 791 2632 μάστιγι
817 2592 858 2631 τῇ
887 2586 1052 2632 κωμωδίᾳ
1079 2586 1247 2629 κολάζων.

287 2635 308 2668 ⁷)
332 2634 467 2662 Plutarch
491 2635 620 2662 benun-kt
648 2635 714 2663 sehr
747 2635 860 2670 rivhtig
894 2634 1114 2673 (An'smpl1.‹·t
1145 2635 1294 2664 Μυιιιιιιιίιί
1326 2646 1416 2673 comp.
1449 2636 1493 2671 Ι..)
1527 2635 1594 2664 «lass
1626 2634 1830 2672 Aristophanes

168 2674 284 2702 Diktion
306 2674 362 2702 alle
383 2674 519 2702 Stilz¹1rtan
541 2674 691 2703 (·ntln·=lt‹n
715 2684 777 2703 vom
800 2674 877 2710 Trag·
868 2674 974 2703 isehm
997 2674 1040 2703 bis
1062 2684 1113 2703 7111·
1132 2675 1278 2710 gemeinen
1300 2675 1542 2704 Possenreisserei.

285 2715 308 2747 ⁸)
330 2713 400 2741 Post
421 2713 545 2743 noctium
568 2714 681 2741 (Umbras
703 2714 823 2749 viuilias,
848 2716 911 2751 post
933 2714 1073 2748 lacrimas,
1096 2724 1168 2753 quas
1190 2715 1259 2743 mihi
1280 2715 1497 2754 praeteritomm
1532 2714 1690 2744 recordatio
1719 2717 1829 2753 pecato-

164 2762 226 2781 rum
247 2762 281 2781 cx
303 2752 457 2781 visceribus
478 2753 605 2781 eruebat

285 2794 308 2824 ⁹)
330 2792 428 2821 Klein:
452 2792 475 2820 G
478 2792 624 2821 ‹seim-¹11&
646 2793 696 2821 «hs
717 2793 840 2822 Dramas
860 2793 898 2822 ΙΙ,
920 2792 974 2821 Bd.
