1951 3040
1652 128 1702 167 19

166 231 332 275 Eiusdem
360 241 495 286 generis
522 234 576 277 est
595 234 704 278 etiam
732 242 969 279 Demoenetus
994 244 1029 278 in
1056 243 1207 278 obscena
1238 242 1368 285 fabula,
1407 255 1499 288 quae
1537 242 1706 278 Asinaria

47 297 252 335 inscribitur.

164 363 237 405 Hic
261 369 366 407 initio,
386 371 527 407 anxium
553 384 589 407 se
627 376 782 418 praestat
819 377 955 419 patrem
996 376 1031 409 et
1069 373 1164 419 pium
1191 385 1274 419 erga
1310 372 1430 417 filium,
1468 386 1548 408 mox
1587 376 1705 408 autem

48 428 263 464 dubitatione
288 433 450 476 exempta
475 432 723 476 cognoscimus,
749 445 856 478 quare
882 432 944 468 filii
970 432 1141 468 voluntati
1180 444 1311 467 morem
1349 433 1502 478 gesserit.
1538 432 1705 478 Indulget

47 488 140 525 enim
165 489 317 535 peccatis
342 489 414 534 filii,
441 502 510 525 non
536 490 647 526 solum
675 491 767 537 quod
793 492 865 538 ipse
893 492 1097 528 adulescens
1135 492 1312 538 improbus
1350 492 1415 528 tuit
1432 492 1486 537 ¹⁵³)
1525 492 1585 528 sed
1611 492 1704 538 quod

47 608 129 643 tatis
154 620 238 644 suae
264 608 445 644 immemor
469 608 654 654 Libanum,
681 611 951 647 versutissimum
983 623 1130 655 servum,
1157 614 1232 645 orat
1259 615 1363 657 atque
1382 611 1549 656 obsecrat,
1577 615 1615 647 ut
1640 611 1704 647 sibi

48 667 169 703 eodem
196 668 299 703 modo
326 669 371 703 sit
396 669 536 704 satelles
562 673 597 704 et
623 670 832 714 administer,
858 684 926 716 quo
962 670 1033 706 filio
1060 671 1096 705 in
1121 670 1273 716 petenda
1312 671 1433 705 amica.
1474 670 1703 706 Necessitudo

48 728 139 763 inter
163 730 295 773 patrem
316 731 351 763 et
367 727 477 764 filium
503 729 719 765 intercedens
745 730 964 775 putidissima
990 733 1051 766 est.
1072 729 1187 768 Senex
1214 731 1306 764 enim
1333 730 1425 776 turpi
1447 742 1564 765 amore
1582 733 1705 776 captus

47 799 88 822 eo
113 788 279 832 pervenit,
297 791 336 822 ut
361 788 480 833 viginti
507 789 617 833 minis,
643 801 729 834 quas
755 789 998 825 adiuvantibus
1025 789 1159 829 duobus
1185 790 1291 824 servis
1329 801 1478 834 nequam
1517 789 1582 835 ipsi
1608 790 1705 824 uxori

47 849 260 891 emunxerat,
286 846 410 883 deinde
436 847 507 883 filio
534 848 686 893 dederat,
713 849 933 895 spurcissima
958 852 1093 896 peteret
1119 849 1163 884 ab
1190 861 1240 893 eo,
1268 861 1358 894 quae
1396 849 1461 884 iste
1498 861 1567 884 non
1593 848 1705 884 solum

47 906 208 953 praebuit
224 907 279 951 15θ»)
314 907 375 942 sed
415 908 518 943 etiam
562 910 718 954 promisit
759 910 890 945 amicae
916 922 953 945 se
988 921 1234 975 persuasuium
1274 921 1359 952 esse,
1399 911 1439 943 ut
1477 921 1566 954 quae
1606 912 1706 954 pater

48 965 160 1010 vellet,
185 965 315 1002 faceret
332 967 392 1011 ¹⁵¹).

166 1036 245 1071 Iam
272 1037 366 1071 avari
391 1049 492 1087 senes
538 1042 618 1072 sunt
663 1038 897 1082 sordidissimi,
940 1050 1086 1083 quorum
1129 1038 1229 1082 quasi
1273 1038 1502 1073 clarissimum
1546 1037 1704 1072 columen

47 1094 172 1131 Euclio
199 1098 251 1131 est
275 1096 311 1131 in
337 1095 465 1140 fabula,
492 1109 581 1142 quae
607 1097 794 1133 Aulularia
818 1097 1023 1133 inscribitur.

169 1174 240 1221 Qui
266 1175 461 1211 reconditos
503 1189 662 1212 nummos
705 1190 783 1212 cmn
824 1178 1023 1223 cognoverit
1062 1177 1173 1213 fontes
1215 1178 1388 1211 variarum
1433 1177 1705 1212 sollicitudinum

48 1235 363 1281 molestiarumque,
378 1239 546 1282 perpetua
572 1237 785 1272 dubitatione
812 1240 949 1272 aestuat
974 1249 1177 1282 semperque
1205 1237 1311 1280 timet,
1338 1249 1380 1271 ne
1407 1237 1495 1282 quis
1509 1236 1706 1282 speculetur

47 1307 153 1341 seque
179 1294 361 1331 custodiat.
388 1295 514 1342 Itaque
539 1296 673 1332 infectis
700 1297 807 1332 oculis
846 1297 999 1332 omnium
1038 1296 1155 1332 oculos
1186 1297 1334 1340 incessit,
1360 1297 1419 1342 qui
1446 1296 1704 1342 deprehendere

47 1355 202 1391 audeant
226 1356 299 1392 eius
325 1356 425 1391 furta.
453 1356 608 1391 Fidelem
635 1356 801 1392 famulam
828 1369 934 1392 anum
961 1357 1026 1391 sibi
1053 1368 1190 1401 sempei
1214 1356 1369 1391 insidiari
1388 1355 1701 1411 ratusN'ehemen-

46 1416 115 1451 tius
137 1419 245 1450 vexat
259 1416 309 1460 16)
337 1415 467 1451 Noctes
493 1416 675 1461 pervigilat
700 1415 876 1451 interdum
900 1415 995 1450 domi
1021 1415 1121 1450 deses
1147 1415 1254 1459 sedet,
1293 1427 1449 1460 urnaque
1481 1427 1560 1451 cum
1586 1415 1704 1451 limine

47 1475 202 1510 continet
218 1475 268 1519 ¹⁷).
297 1474 444 1520 Semper
469 1487 608 1520 gravem
634 1488 732 1510 suam
759 1479 1002 1521 paupertatem
1042 1475 1264 1520 conqueritur
1304 1474 1502 1510 declinandi
1539 1487 1645 1510 causa
1664 1476 1705 1518 ¹⁸)

46 1535 278 1580 suspicionem
304 1535 553 1579 quaerentium,
580 1534 704 1579 quibus
731 1533 866 1577 diffidit,
893 1538 933 1569 ut
950 1534 1044 1568 omni
1071 1534 1188 1578 generi
1215 1534 1394 1569 hominum
1412 1534 1461 1577 19).
1488 1533 1705 1569 Miserrimus

45 1606 117 1628 rem
144 1605 184 1628 eo
211 1594 362 1638 adducit,
389 1597 428 1628 ut
453 1594 705 1639 particeps-est
732 1593 953 1639 publicarum
993 1593 1161 1639 pecuniae
1201 1593 1436 1638 partitionum,
1475 1605 1519 1628 ne
1557 1593 1706 1639 suspicio

46 1665 121 1688 esse
147 1653 279 1688 oriatur
304 1653 368 1688 sibi
395 1665 553 1688 nummos
580 1653 673 1688 domi
699 1665 774 1688 esse
790 1653 850 1698 2ο);
877 1652 960 1698 quid
986 1650 1112 1699 plura?
1149 1653 1268 1687 omnia
1293 1652 1366 1687 eius
1391 1652 1486 1688 facta
1509 1653 1706 1688 testimonio

46 1716 137 1756 sunt,
163 1725 243 1748 eum
269 1713 391 1748 insano
417 1713 566 1758 quodam
593 1725 710 1747 amore
736 1713 914 1758 pecuniae,
935 1724 1024 1757 quae
1051 1712 1169 1746 anima
1194 1716 1228 1746 et
1254 1712 1395 1757 spiritus
1421 1716 1474 1747 est
1488 1711 1540 1755 ²¹),
1566 1716 1707 1758 captum

46 1784 132 1809 esse.
158 1772 329 1809 Attamen
356 1773 498 1809 tandem
526 1786 614 1809 urna
640 1776 740 1819 rapta
766 1776 827 1809 est.
855 1771 935 1819 Quo
961 1772 1052 1808 facto
1079 1784 1185 1808 senex
1211 1772 1337 1808 mentis
1363 1785 1433 1808 non
1459 1773 1529 1808 iam
1556 1785 1706 1819 compos,

46 1836 175 1867 terrore
201 1833 342 1867 omnino
363 1845 554 1878 percussus.
582 1833 674 1878 Quid
702 1845 770 1867 non
809 1832 970 1866 mortalia
1008 1836 1150 1877 pectora
1191 1833 1294 1876 cogis,
1322 1833 1396 1866 auri
1437 1844 1536 1866 saera
1574 1833 1704 1867 fames!

46 1891 219 1927 Euclione
244 1891 340 1927 haud
366 1892 536 1938 insignius
562 1891 756 1937 exemplum
784 1892 879 1926 avari
905 1891 997 1927 senis
1023 1891 1177 1926 invenies
1216 1891 1252 1926 in
1283 1891 1419 1934 fabulis,
1445 1903 1532 1936 quas
1558 1891 1707 1927 Plautus

45 1950 134 1985 fecit.
174 1951 336 1986 Invenies
375 1951 527 1996 profecto
569 1952 672 1985 etiam
712 1951 798 1985 alios
836 1962 959 1985 avaros
998 1962 1097 1985 senes
1125 1955 1164 1985 ut
1192 1949 1431 1995 Antiphonem
1472 1949 1583 1985 Stichi
1599 1951 1642 1994 ²²)
1669 1955 1708 1985 ut

47 2009 221 2047 callidem
248 2010 452 2047 Truculenti
468 2011 520 2056 ²³),
547 2011 602 2047 cui
629 2023 688 2046 sex
714 2011 825 2045 minas
852 2010 895 2046 de
908 2006 1002 2045 ‘dote
1028 2009 1121 2045 filiae
1147 2010 1317 2045 deducere
1354 2010 1534 2046 etiamtum
1559 2010 1707 2055 yidetur,

46 2083 124 2105 cum
149 2072 260 2107 iustus
287 2072 437 2106 coniunx
476 2084 574 2106 suam
613 2083 753 2106 uxorem
787 2071 911 2115 rapuit,
933 2074 972 2104 ut
1011 2070 1219 2104 Nicobulum
1261 2069 1488 2113 Bacchidum,
1528 2069 1706 2105 Simonem

46 2130 209 2167 Pseudoli
235 2135 270 2167 et
296 2131 391 2172 alios,
431 2132 489 2178 qui
527 2134 644 2166 tamen
688 2142 806 2166 omnes
848 2129 1019 2165 Euclione
1063 2129 1240 2164 inferiores
1279 2133 1370 2174 sunt,
1409 2129 1469 2164 illo
1495 2142 1600 2165 avaro
1626 2143 1707 2166 sene

45 2191 184 2227 fabulae
209 2191 427 2227 Aululariae.

165 2271 322 2307 Tertium
350 2283 458 2316 genus
484 2274 538 2306 est
563 2283 684 2306 senum
710 2268 916 2315 loquacium.
945 2267 1168 2304 Senectutem
1195 2281 1270 2304 esse
1310 2273 1435 2304 natura
1473 2269 1707 2315 loquaciorem

47 2330 115 2365 iam
144 2331 235 2367 Cato
261 2335 432 2367 memorat
447 2331 498 2375 2·‘).
526 2331 683 2374 Plautus,
710 2329 767 2375 qui
794 2328 878 2363 vitia
903 2327 1049 2372 singulis
1091 2327 1202 2363 solum
1243 2329 1484 2364 convenientia
1521 2329 1590 2363 iam
1630 2341 1707 2363 vere

48 2391 207 2427 omnibus
234 2391 400 2435 attribuit,
427 2391 615 2427 dummodo
641 2401 805 2436 personas
832 2399 949 2423 creare
983 2391 1101 2433 posset
1141 2392 1242 2434 aptas
1281 2389 1326 2423 ad
1365 2388 1591 2433 comoediam,
1617 2392 1708 2424 certe
1744 2379 1746 2381 V

48 2451 132 2486 nihil
159 2452 391 2498 praetermisit
416 2451 605 2487 dummodo
632 2463 683 2495 ea,
710 2461 798 2495 quae
825 2447 985 2483 omnibus
1015 2448 1086 2483 fere
1125 2449 1265 2484 senibus
1305 2449 1523 2489 conveniunt,
1562 2449 1706 2494 diligen-

48 2510 178 2546 tissime
217 2514 416 2555 exomaret3
455 2512 573 2556 itaque
613 2521 775 2545 numerus
817 2508 1016 2553 loquacium
1060 2520 1183 2543 senum
1223 2512 1257 2543 et
1282 2508 1451 2543 bonorum
1477 2508 1707 2543 etmalorum

48 2570 197 2612 crebrior
222 2574 283 2607 est.
310 2570 424 2606 Unius
451 2571 587 2616 generis
605 2570 628 2605 ii
645 2582 743 2605 senes
770 2571 860 2612 sunt,
886 2567 945 2613 qui
965 2571 1075 2604 tectas
1102 2568 1271 2614 quasdam
1299 2572 1506 2614 opertasque
1533 2567 1708 2604 doctrinas

166 2681 216 2716 16ἃ)
237 2680 369 2716 Asinaria
390 2679 517 2709 65—82

166 2720 224 2757 ffb),
248 2722 296 2756 ¹⁵0)
317 2720 459 2749 Asinaria
482 2722 607 2749 »noctem
629 2719 714 2748 huius
734 2720 764 2747 ct
784 2726 843 2746 cen
842 2726 881 2745 nn
903 2719 936 2745 ut
957 2717 1053 2746 dares«
1064 2717 1160 2746 826.

167 2761 211 2796 ιο),
237 2761 280 2796 ²⁷),
305 2761 348 2796 ¹⁸),
373 2761 417 2795 ¹⁹).
441 2761 485 2795 ¹⁰),
509 2760 545 2795 ἰ)
567 2758 714 2788 Aulularia
737 2758 783 2793 53,
806 2757 852 2792 72,
875 2757 922 2792 88,
948 2757 1012 2794 100,
1038 2757 1133 2787 106-
1137 2757 1200 2786 110.
1227 2757 1290 2786 170.

166 2800 203 2836 ¹¹)
224 2800 341 2829 Stichus
362 2799 429 2835 407,
451 2799 518 2829 408.

165 2841 202 2919 Ξῖ)
222 2839 533 2912 ἓξὲθῗέἒᾚέθέῗῖδ.
