1951 3040
1724 91 1785 138 35'

90 203 92 205 θ
122 211 360 256 similitudine,
384 211 479 257 quod
504 211 662 263 voluerit,
687 215 894 248 consecutus
919 215 981 248 est.
1008 211 1054 247 In
1079 211 1154 247 eius
1179 210 1306 247 fabulis
1347 210 1447 246 miles
1474 223 1544 246 non
1570 211 1683 247 solum
1709 212 1782 257 glo-

123 272 235 308 riosus
259 271 323 308 sed
347 272 454 308 etiam
479 271 631 308 scurrilis
657 275 719 308 est.
745 270 800 308 At
823 271 922 319 plebs
947 271 1112 308 Romana
1137 274 1279 307 assueta
1303 270 1526 307 fortissimam
1547 283 1585 307 se
1610 270 1783 318 appellari

95 326 98 329 ’
123 335 262 378 gentem
289 331 390 368 valde
416 331 590 371 delectata
615 336 668 369 est
692 332 888 369 humilitate
928 332 1154 376 Graecorum,
1192 344 1280 378 quos
1316 344 1360 367 ne
1398 334 1504 378 poeta
1528 331 1670 378 quidem
1709 332 1784 378 ipse

123 403 290 438 umquam
316 391 446 427 dilexit.
473 390 578 427 Miles
604 391 773 438 gloriosus
798 391 1003 428 iamdudum
1030 392 1132 427 notus
1158 395 1243 428 erat.
1270 391 1329 428 Ita
1353 392 1517 428 meretrix
1534 392 1570 427 in
1587 392 1783 438 fragmento

123 451 275 498 quodam
315 450 527 487 Phenicidae
566 451 743 487 comediae
783 451 885 487 dicit:
931 452 1109 488 »Primum
1149 451 1256 487 habui
1296 452 1441 488 militem
1481 455 1683 497 amatorem,
1721 452 1781 498 qui

123 511 281 548 facinora
305 510 478 547 mirabilia
503 523 612 561 usqu-e
651 511 859 556 decantavit,
898 524 1090 559 numquam
1129 515 1246 547 autem
1273 524 1316 547 ne
1342 512 1527 548 tiruncium
1554 512 1694 558 quidem
1720 524 1779 548 ex-

123 572 303 618 prompsit,
327 571 416 607 falso
441 571 618 617 promissis
658 571 768 616 donis,
794 584 884 618 quae
910 584 933 607 a
957 584 1039 617 rege
1078 571 1230 618 quodam
1257 584 1293 607 se
1320 575 1543 618 accepturum
1573 584 1648 608 esse
1673 573 1779 608 simu-

122 631 216 667 lavit.
257 631 316 667 Ex
352 631 407 667 his
444 630 557 667 verbis
581 626 727 667 militem
766 631 971 667 Plautinum
1009 631 1265 681 cognoscimus,
1300 630 1519 678 Quicumque
1558 632 1651 667 enim
1681 632 1781 668 miles

123 691 309 727 Plautinus
334 691 370 726 in
395 691 573 737 publicum
599 691 724 737 prodit,
750 703 882 737 magna
907 704 972 727 sua
996 692 1091 727 facta
1116 695 1307 741 enumerat,
1347 703 1437 738 quae
1463 691 1589 737 cupido
1615 689 1781 727 nan-andi

123 746 244 786 vitiu‘m
266 753 320 786 est
344 750 483 796 penitus
522 750 663 786 insitum
682 750 777 785 -eius
815 750 976 786 moribus.
1014 751 1075 786 Ita
1113 750 1441 796 Therapontigonus
1476 742 1511 785 in
1537 750 1667 795 fabula,
1692 763 1782 797 quae

124 809 289 846 Curculio
314 808 522 854 inscribitur,
548 822 669 845 omnes
694 810 980 855 interrogationes
1006 822 1050 846 ex
1075 810 1148 845 alto
1178 810 1304 856 repetit
1328 810 1526 856 multasque
1552 822 1606 846 res
1631 810 1781 847 insulsas

122 872 227 915 atque
253 869 375 905 inanes
400 868 526 913 reddit,
552 868 634 904 dum
661 868 697 904 id
723 869 815 915 quod
841 881 979 905 necesse
1006 872 1068 914 est,
1095 869 1288 916 explicetur
1304 870 1337 913 ¹).
1364 869 1491 915 Itaque
1517 870 1616 905 miles
1641 869 1781 916 Epidici

122 941 204 966 suas
230 932 345 975 gestas
384 941 520 976 pugnas
562 941 755 965 memorare
792 930 886 965 omni
924 930 1028 966 modo
1067 930 1185 966 studet
1222 930 1412 977 Periphani
1451 930 1526 966 seni
1551 930 1659 966 invito
1675 931 1710 976 ²).
1737 930 1781 966 In

122 989 280 1026 Poenulo
295 1002 333 1026 re
348 1002 431 1026 vera
456 991 525 1026 iam
554 990 725 1035 audimus,
751 995 838 1036 quas
853 1003 989 1037 pugnas
1015 990 1192 1026 mirabiles
1211 990 1492 1026 Anthemonides
1509 990 1610 1026 miles
1627 991 1781 1037 gesserit.

123 1050 206 1086 Uno
231 1051 288 1087 die
313 1051 496 1097 sexaginta
521 1050 618 1086 milia
642 1050 821 1086 hominum
846 1050 1068 1087 velaticorum
1102 1051 1174 1087 suis
1213 1051 1374 1087 manibus
1412 1050 1578 1087 occidisse
1603 1051 1731 1087 dicitur
1747 1052 1781 1097 8).

123 1110 215 1146 rsum
240 1105 314 1146 rem
340 1112 493 1146 maximo
518 1111 639 1146 ordine
664 1111 829 1146 denarrat
853 1111 1043 1158 eodemque
1069 1110 1173 1146 modo
1198 1110 1293 1157 Lyco
1319 1111 1519 1145 minutatim
1555 1111 1782 1157 interroganti

122 1170 402 1206 Anthemonides
442 1170 638 1217 respondet,
681 1171 768 1206 adeo
806 1174 845 1206 ut
883 1171 980 1206 nobis
1020 1171 1108 1206 haec
1150 1170 1349 1206 denarratio
1392 1171 1583 1206 maximum
1626 1171 1780 1207 taedium

122 1230 298 1276 praebeat.
324 1231 444 1266 Etiam
472 1230 728 1277 Stratophanes
755 1230 852 1266 miles
878 1231 914 1265 in
941 1230 1153 1266 Truculento
1180 1230 1382 1275 praedicare
1408 1229 1497 1265 solet
1518 1242 1664 1276 pugnas,
1691 1242 1779 1277 quas

121 1291 247 1336 gessit3
274 1294 312 1327 at
337 1303 416 1327 cum
444 1291 531 1326 bene
557 1291 654 1335 sciat,
680 1291 807 1326 multos
833 1290 959 1325 milites
985 1291 1056 1325 iam
1086 1293 1191 1324 antea
1221 1289 1384 1324 mentitos
1422 1301 1508 1333 esse,
1547 1301 1584 1324 se
1610 1302 1679 1324 non
1706 1302 1777 1325 ser-

120 1350 281 1386 monibus
307 1351 370 1387 sed
395 1350 555 1387 manibus
581 1351 665 1386 dicit
701 1350 946 1397 praestiturum
986 1361 1060 1385 esse
1111 1349 1213 1393 bella,
1252 1349 1378 1394 quibus
1404 1349 1564 1384 videlicet
1590 1349 1779 1386 venditatio

118 1410 237 1445 militis
263 1422 304 1445 eo
330 1411 442 1446 maior
465 1410 514 1446 fit.

238 1499 402 1537 Alterum
429 1501 550 1537 vitium
575 1501 699 1536 horum
725 1500 874 1536 militum
901 1504 963 1545 est,
989 1499 1082 1546 quod
1111 1499 1177 1536 sibi
1204 1499 1393 1535 admodum
1419 1500 1562 1546 placent
1586 1504 1622 1536 et
1647 1500 1777 1546 gloriae

121 1560 312 1606 cupiditate
337 1560 492 1595 volitant.
519 1559 636 1606 Quam
653 1560 698 1595 ob
714 1572 787 1595 rem
805 1572 827 1595 a
843 1559 1109 1606 Pyrgopolinice
1135 1558 1348 1604 Artotrogus
1367 1560 1541 1605 parasitus
1559 1560 1777 1605 indulgentia

120 1620 359 1666 corrumpitur,
385 1620 513 1666 quippe
539 1620 598 1666 qui
624 1631 694 1655 non
720 1619 833 1655 solum
859 1619 933 1655 eius
959 1619 1252 1655 ostentationibus
1277 1619 1639 1665 venditationibusque
1677 1631 1778 1656 aures

119 1678 237 1715 faciles
262 1678 430 1725 praebeat
454 1679 515 1715 sed
540 1682 576 1715 et
600 1679 671 1714 iam
697 1680 771 1725 ipse
798 1679 872 1714 eius
898 1678 992 1714 facta
1020 1678 1066 1714 ad
1091 1678 1207 1714 sidera
1244 1678 1347 1714 tollat
1364 1679 1399 1724 4).
1439 1678 1493 1715 At
1517 1679 1618 1715 militi
1644 1679 1779 1715 absenti

119 1750 224 1784 quam
250 1738 342 1774 male
368 1738 469 1774 dicit!
499 1738 655 1775 Simulae
681 1739 774 1774 enim
800 1738 900 1774 miles
926 1738 1096 1783 discessit,
1122 1750 1193 1774 non
1220 1738 1331 1774 solum
1357 1739 1531 1784 parasitus
1549 1739 1595 1774 ad
1616 1739 1777 1785 gravissi-

119 1810 196 1836 mas
221 1798 402 1834 verborum
429 1798 656 1834 contumelias
694 1798 876 1833 descendit
891 1798 916 1841 ⁶)
956 1798 1019 1834 sed
1058 1798 1164 1834 etiam
1207 1798 1459 1834 versutissimus
1489 1797 1695 1841 Palaestrio,
1720 1799 1779 1845 qui

120 1869 237 1893 coram
276 1858 437 1894 maximis
476 1858 639 1894 laudibus
673 1870 754 1893 eum
794 1857 902 1902 effert,
941 1858 1033 1893 clam
1060 1870 1101 1893 eo
1128 1861 1245 1893 autem
1277 1857 1414 1902 fatetur,
1452 1858 1576 1894 herum
1602 1858 1779 1905 elephanti

120 1917 214 1952 curio
240 1917 505 1953 circumtentum
531 1929 606 1953 esse
631 1929 701 1952 non
726 1929 788 1953 suo
814 1928 926 1962 neque
953 1917 1082 1952 habere
1108 1917 1187 1963 plus
1212 1917 1405 1963 sapientiae
1443 1929 1550 1963 quam
1576 1918 1728 1964 lapidem
1745 1918 1779 1962 ⁶).

49 2011 51 2013 ,
119 1976 247 2022 Itaque
272 1977 378 2013 etiam
404 1976 619 2024 Astaphium
656 1977 783 2012 callida
820 1977 984 2013 meretrix
1025 1977 1300 2023 Stratophanem
1338 1976 1512 2013 sublectat
1537 1978 1650 2014 verbis
1676 1978 1776 2024 glori-

120 2036 190 2072 osis
207 2037 242 2081 7).
281 2036 383 2072 Idem
424 2036 677 2084 Stratophanes
715 2036 856 2072 inflatus
894 2036 1089 2082 magnificis
1129 2037 1200 2073 suis
1226 2037 1436 2073 facinoribus
1467 2038 1573 2073 etiam
1599 2038 1637 2073 in
1662 2050 1779 2073 amore

119 2095 198 2141 plus
224 2108 336 2142 aequo
362 2096 427 2132 sibi
452 2097 574 2141 sumit3
600 2108 687 2143 puer
712 2108 730 2132 e
756 2096 869 2131 vicina
906 2095 1010 2132 domo
1049 2099 1171 2143 raptus
1210 2097 1294 2142 quin
1329 2109 1413 2135 suus
1439 2097 1485 2133 sit
1510 2109 1580 2133 non
1602 2098 1779 2142 dubitans,

120 2156 194 2192 eius
230 2160 351 2192 tenera
389 2160 504 2193 aetate
543 2157 684 2193 bellicas
722 2157 863 2192 virtutes
899 2156 969 2191 iam
1009 2156 1211 2192 manifestas
1252 2156 1400 2192 miratur
1425 2160 1461 2192 et
1487 2156 1533 2193 ad
1558 2157 1777 2193 educandum

123 2215 250 2252 Martis
275 2216 395 2262 filium,
421 2217 590 2263 quidquid
615 2221 739 2263 potest,
765 2217 876 2252 laetus
902 2216 1057 2262 largitur.
1095 2215 1217 2251 Etiam
1243 2228 1286 2251 ex
1312 2216 1390 2252 aliis
1416 2217 1509 2253 locis'
1540 2217 1778 2263 cognoscimus

120 2276 247 2312 milites
273 2289 418 2323 magnos
434 2289 510 2313 esse
528 2281 701 2313 amatores
716 2277 918 2320 mulierum;
946 2275 1222 2322 Pyrgopolicem‚
1240 2279 1280 2312 ut
1295 2277 1455 2323 exemplo
1476 2281 1565 2322 utar,
1586 2277 1779 2313 Palaestrio

121 2336 232 2382 docet,¹
258 2337 442 2373 moechum
468 2337 653 2373 mulierum
690 2350 775 2382 esse,
802 2328 889 2372 adeo
915 2340 954 2372 ut
991 2336 1166 2371 neminem
1192 2348 1258 2372 nec
1283 2335 1389 2373 fuisse
1415 2349 1479 2373 nec
1503 2337 1576 2373 fore
1614 2349 1779 2383 umquam

121 2396 242 2432 credat
258 2397 294 2441 ⁸).
334 2396 461 2442 Itaque
499 2397 605 2432 etiam
644 2397 808 2433 meretrix
845 2395 1123 2431 Acroteleutium
1150 2395 1193 2431 de
1219 2396 1344 2431 eodem
1371 2396 1480 2432 milite
1506 2396 1609 2440 dicit;
1653 2396 1780 2442 Populi

121 2454 239 2491 odium
278 2455 399 2502 quidni
440 2456 593 2491 noverim
635 2456 872 2502 magnidicum
914 2456 1159 2500 cincinnatimi,
1202 2456 1385 2492 moechum
1428 2456 1704 2501 unguentatum!
1734 2477 1778 2481 —

122 2514 287 2551 Ceterum
312 2516 378 2562 ipsi
405 2528 441 2551 se
466 2519 594 2562 putant
619 2528 694 2552 esse
720 2520 863 2562 nepotes
889 2516 1015 2551 Martis
1040 2515 1267 2562 Venerisque.

242 2678 252 2696 ι

241 2678 265 2753 ²3
285 2677 504 2757 ssssfflfflssvn}
517 2718 567 2754 lv,
592 2717 636 2747 17.

241 2758 264 2794 8)
284 2757 428 2787 Poenulus
448 2757 486 2787 Π.

240 2798 273 2834 ⁴),
297 2799 328 2833 ⁵),
351 2798 384 2833 ο),
409 2799 439 2833 7),
462 2799 485 2832 ⁸)
506 2797 567 2826 Mil.
590 2797 662 2833 glor.
686 2797 738 2832 13;
760 2797 815 2832 24;
836 2797 911 2833 255;
933 2797 1006 2832 4583
1028 2795 1095 2825 768.
