<?xml version="1.0" encoding="UTF-8"?>
<!DOCTYPE html PUBLIC "-//W3C//DTD XHTML 1.0 Transitional//EN"
    "http://www.w3.org/TR/xhtml1/DTD/xhtml1-transitional.dtd">
<html xmlns="http://www.w3.org/1999/xhtml" xml:lang="en" lang="en">
 <head>
  <title>
</title>
<meta http-equiv="Content-Type" content="text/html;charset=utf-8" />
  <meta name='ocr-system' content='tesseract 3.04.00' />
  <meta name='ocr-capabilities' content='ocr_page ocr_carea ocr_par ocr_line ocrx_word'/>
</head>
<body>
  <div class='ocr_page' id='page_1' title='image "4737944_0011.png"; bbox 0 0 1951 3040; ppageno 0'>
   <div class='ocr_carea' id='block_1_1' title="bbox 0 0 213 71">
    <p class='ocr_par' dir='ltr' id='par_1_1' title="bbox 0 0 213 71">
     <span class='ocr_line' id='line_1_1' title="bbox 0 0 213 71; baseline 0 2969"><span class='ocrx_word' id='word_1_1' title='bbox 0 0 213 71; x_wconf 95' lang='lat' dir='ltr'> </span> 
     </span>
    </p>
   </div>
   <div class='ocr_carea' id='block_1_2' title="bbox 257 463 1675 655">
    <p class='ocr_par' dir='ltr' id='par_1_2' title="bbox 257 463 1675 655">
     <span class='ocr_line' id='line_1_2' title="bbox 257 463 1675 558; baseline 0 -18"><span class='ocrx_word' id='word_1_2' title='bbox 257 475 370 541; x_wconf 86' lang='lat' dir='ltr'>De</span> <span class='ocrx_word' id='word_1_3' title='bbox 413 498 734 541; x_wconf 83' lang='lat' dir='ltr'>morum</span> <span class='ocrx_word' id='word_1_4' title='bbox 778 482 1269 558; x_wconf 74' lang='lat' dir='ltr'>descriptione</span> <span class='ocrx_word' id='word_1_5' title='bbox 1312 463 1675 541; x_wconf 74' lang='lat' dir='ltr'>Plautina.</span> 
     </span>
     <span class='ocr_line' id='line_1_3' title="bbox 916 601 1006 655; baseline 0.011 -11"><span class='ocrx_word' id='word_1_6' title='bbox 916 604 939 655; x_wconf 65' lang='lat' dir='ltr'>g</span> <span class='ocrx_word' id='word_1_7' title='bbox 971 601 1006 645; x_wconf 88' lang='lat'>1.</span> 
     </span>
    </p>
   </div>
   <div class='ocr_carea' id='block_1_3' title="bbox 1083 678 1799 754">
    <p class='ocr_par' dir='ltr' id='par_1_3' title="bbox 1083 678 1799 754">
     <span class='ocr_line' id='line_1_4' title="bbox 1125 678 1799 717; baseline 0.003 -11"><span class='ocrx_word' id='word_1_8' title='bbox 1125 679 1297 717; x_wconf 74' lang='lat' dir='ltr'>»Postquam</span> <span class='ocrx_word' id='word_1_9' title='bbox 1311 681 1356 708; x_wconf 73' lang='lat' dir='ltr'>est</span> <span class='ocrx_word' id='word_1_10' title='bbox 1370 681 1489 709; x_wconf 70' lang='lat' dir='ltr'>mortem</span> <span class='ocrx_word' id='word_1_11' title='bbox 1506 681 1593 717; x_wconf 82' lang='lat' dir='ltr'>aptus</span> <span class='ocrx_word' id='word_1_12' title='bbox 1609 678 1738 714; x_wconf 84' lang='lat' dir='ltr'>Plautus,</span> <span class='ocrx_word' id='word_1_13' title='bbox 1755 688 1799 708; x_wconf 90' lang='lat' dir='ltr'>co-</span> 
     </span>
     <span class='ocr_line' id='line_1_5' title="bbox 1083 718 1795 754; baseline 0 -7"><span class='ocrx_word' id='word_1_14' title='bbox 1083 719 1195 748; x_wconf 83' lang='lat' dir='ltr'>moedia</span> <span class='ocrx_word' id='word_1_15' title='bbox 1216 719 1304 754; x_wconf 78' lang='lat' dir='ltr'>luget,</span> <span class='ocrx_word' id='word_1_16' title='bbox 1322 719 1412 747; x_wconf 64' lang='lat' dir='ltr'>Seena</span> <span class='ocrx_word' id='word_1_17' title='bbox 1428 720 1474 747; x_wconf 86' lang='lat' dir='ltr'>est</span> <span class='ocrx_word' id='word_1_18' title='bbox 1494 718 1616 753; x_wconf 73' lang='lat' dir='ltr'>deserta,</span> <span class='ocrx_word' id='word_1_19' title='bbox 1639 718 1704 747; x_wconf 87' lang='lat' dir='ltr'>dein</span> <span class='ocrx_word' id='word_1_20' title='bbox 1721 718 1795 747; x_wconf 86' lang='lat' dir='ltr'>risus</span> 
     </span>
    </p>
   </div>
   <div class='ocr_carea' id='block_1_4' title="bbox 1083 758 1794 828">
    <p class='ocr_par' dir='ltr' id='par_1_4' title="bbox 1083 758 1794 828">
     <span class='ocr_line' id='line_1_6' title="bbox 1083 758 1794 796; baseline 0 -9"><span class='ocrx_word' id='word_1_21' title='bbox 1083 759 1227 796; x_wconf 85' lang='lat' dir='ltr'>ludusque</span> <span class='ocrx_word' id='word_1_22' title='bbox 1264 758 1406 796; x_wconf 76' lang='lat' dir='ltr'>iocusque,</span> <span class='ocrx_word' id='word_1_23' title='bbox 1443 760 1474 787; x_wconf 86' lang='lat' dir='ltr'>et</span> <span class='ocrx_word' id='word_1_24' title='bbox 1506 758 1617 787; x_wconf 85' lang='lat' dir='ltr'>numeri</span> <span class='ocrx_word' id='word_1_25' title='bbox 1653 758 1794 787; x_wconf 78' lang='lat' dir='ltr'>innumeri</span> 
     </span>
     <span class='ocr_line' id='line_1_7' title="bbox 1083 798 1559 828; baseline -0.002 -1"><span class='ocrx_word' id='word_1_26' title='bbox 1083 798 1168 827; x_wconf 86' lang='lat' dir='ltr'>simul</span> <span class='ocrx_word' id='word_1_27' title='bbox 1189 807 1285 828; x_wconf 87' lang='lat' dir='ltr'>omnes</span> <span class='ocrx_word' id='word_1_28' title='bbox 1306 798 1559 828; x_wconf 78' lang='lat' dir='ltr'>collacrimarunt«.</span> 
     </span>
    </p>
   </div>
   <div class='ocr_carea' id='block_1_5' title="bbox 129 886 1791 2187">
    <p class='ocr_par' dir='ltr' id='par_1_5' title="bbox 129 886 1791 1401">
     <span class='ocr_line' id='line_1_8' title="bbox 253 886 1791 933; baseline 0.001 -11"><span class='ocrx_word' id='word_1_29' title='bbox 253 886 292 923; x_wconf 82' lang='lat' dir='ltr'>Si</span> <span class='ocrx_word' id='word_1_30' title='bbox 318 887 471 932; x_wconf 81' lang='lat' dir='ltr'>profecto</span> <span class='ocrx_word' id='word_1_31' title='bbox 497 890 601 933; x_wconf 73' lang='lat' dir='ltr'>poeta</span> <span class='ocrx_word' id='word_1_32' title='bbox 618 889 641 932; x_wconf 89' lang='lat'>¹)</span> <span class='ocrx_word' id='word_1_33' title='bbox 667 887 740 933; x_wconf 85' lang='lat' dir='ltr'>ipse</span> <span class='ocrx_word' id='word_1_34' title='bbox 762 888 909 924; x_wconf 90' lang='lat' dir='ltr'>nominis</span> <span class='ocrx_word' id='word_1_35' title='bbox 934 888 1064 923; x_wconf 87' lang='lat' dir='ltr'>famam</span> <span class='ocrx_word' id='word_1_36' title='bbox 1089 888 1156 923; x_wconf 91' lang='lat' dir='ltr'>hoc</span> <span class='ocrx_word' id='word_1_37' title='bbox 1192 888 1444 933; x_wconf 80' lang='lat' dir='ltr'>epigrammate</span> <span class='ocrx_word' id='word_1_38' title='bbox 1483 887 1633 933; x_wconf 70' lang='lat' dir='ltr'>superbo</span> <span class='ocrx_word' id='word_1_39' title='bbox 1672 899 1791 933; x_wconf 89' lang='lat' dir='ltr'>proro-</span> 
     </span>
     <span class='ocr_line' id='line_1_9' title="bbox 134 946 1791 994; baseline 0.001 -12"><span class='ocrx_word' id='word_1_40' title='bbox 134 947 237 994; x_wconf 87' lang='lat' dir='ltr'>gavit,</span> <span class='ocrx_word' id='word_1_41' title='bbox 263 959 333 982; x_wconf 89' lang='lat' dir='ltr'>non</span> <span class='ocrx_word' id='word_1_42' title='bbox 360 959 402 982; x_wconf 87' lang='lat' dir='ltr'>ex</span> <span class='ocrx_word' id='word_1_43' title='bbox 428 947 536 982; x_wconf 89' lang='lat' dir='ltr'>nimia</span> <span class='ocrx_word' id='word_1_44' title='bbox 561 947 800 983; x_wconf 78' lang='lat' dir='ltr'>aestimatione</span> <span class='ocrx_word' id='word_1_45' title='bbox 827 949 889 993; x_wconf 90' lang='lat' dir='ltr'>sui,</span> <span class='ocrx_word' id='word_1_46' title='bbox 906 948 966 984; x_wconf 86' lang='lat' dir='ltr'>sed</span> <span class='ocrx_word' id='word_1_47' title='bbox 984 961 1027 984; x_wconf 89' lang='lat' dir='ltr'>ex</span> <span class='ocrx_word' id='word_1_48' title='bbox 1044 948 1151 984; x_wconf 87' lang='lat' dir='ltr'>animi</span> <span class='ocrx_word' id='word_1_49' title='bbox 1177 947 1350 983; x_wconf 87' lang='lat' dir='ltr'>sententia</span> <span class='ocrx_word' id='word_1_50' title='bbox 1375 946 1442 983; x_wconf 92' lang='lat' dir='ltr'>hoc</span> <span class='ocrx_word' id='word_1_51' title='bbox 1462 946 1616 994; x_wconf 85' lang='lat' dir='ltr'>protulit.</span> <span class='ocrx_word' id='word_1_52' title='bbox 1642 947 1791 984; x_wconf 80' lang='lat' dir='ltr'>Plautus</span> 
     </span>
     <span class='ocr_line' id='line_1_10' title="bbox 133 1006 1790 1054; baseline 0.001 -12"><span class='ocrx_word' id='word_1_53' title='bbox 133 1007 235 1051; x_wconf 91' lang='lat' dir='ltr'>enim,</span> <span class='ocrx_word' id='word_1_54' title='bbox 260 1007 351 1042; x_wconf 79' lang='lat' dir='ltr'>iuter</span> <span class='ocrx_word' id='word_1_55' title='bbox 376 1007 524 1043; x_wconf 89' lang='lat' dir='ltr'>comicos</span> <span class='ocrx_word' id='word_1_56' title='bbox 551 1007 639 1042; x_wconf 89' lang='lat' dir='ltr'>alter</span> <span class='ocrx_word' id='word_1_57' title='bbox 664 1006 831 1052; x_wconf 89' lang='lat' dir='ltr'>Achilles,</span> <span class='ocrx_word' id='word_1_58' title='bbox 849 1007 944 1043; x_wconf 90' lang='lat' dir='ltr'>haud</span> <span class='ocrx_word' id='word_1_59' title='bbox 961 1008 1061 1043; x_wconf 88' lang='lat' dir='ltr'>aliter</span> <span class='ocrx_word' id='word_1_60' title='bbox 1078 1011 1183 1054; x_wconf 83' lang='lat' dir='ltr'>atque</span> <span class='ocrx_word' id='word_1_61' title='bbox 1199 1007 1265 1051; x_wconf 85' lang='lat' dir='ltr'>hic,</span> <span class='ocrx_word' id='word_1_62' title='bbox 1284 1019 1363 1043; x_wconf 88' lang='lat' dir='ltr'>cum</span> <span class='ocrx_word' id='word_1_63' title='bbox 1389 1020 1509 1054; x_wconf 84' lang='lat' dir='ltr'>pugna</span> <span class='ocrx_word' id='word_1_64' title='bbox 1534 1019 1571 1043; x_wconf 89' lang='lat' dir='ltr'>se</span> <span class='ocrx_word' id='word_1_65' title='bbox 1590 1007 1790 1051; x_wconf 75' lang='lat' dir='ltr'>abstineret,</span> 
     </span>
     <span class='ocr_line' id='line_1_11' title="bbox 134 1066 1789 1114; baseline 0 -12"><span class='ocrx_word' id='word_1_66' title='bbox 134 1066 291 1114; x_wconf 72' lang='lat' dir='ltr'>„Tptbmv</span> <span class='ocrx_word' id='word_1_67' title='bbox 317 1066 415 1102; x_wconf 81' lang='grc' dir='ltr'>πόλιν</span> <span class='ocrx_word' id='word_1_68' title='bbox 440 1072 554 1102; x_wconf 80' lang='grc' dir='ltr'>πᾶσαν</span> <span class='ocrx_word' id='word_1_69' title='bbox 581 1067 796 1114; x_wconf 80' lang='grc' dir='ltr'><strong>ἐπιβεβαυῖαν</strong></span> <span class='ocrx_word' id='word_1_70' title='bbox 822 1067 1017 1114; x_wconf 50' lang='lat' dir='ltr'>&amp;damnumst</span> <span class='ocrx_word' id='word_1_71' title='bbox 1037 1068 1062 1111; x_wconf 78' lang='lat'>²)</span> <span class='ocrx_word' id='word_1_72' title='bbox 1089 1067 1184 1111; x_wconf 81' lang='lat' dir='ltr'>vidit,</span> <span class='ocrx_word' id='word_1_73' title='bbox 1210 1067 1269 1113; x_wconf 92' lang='lat' dir='ltr'>qui</span> <span class='ocrx_word' id='word_1_74' title='bbox 1287 1079 1367 1102; x_wconf 89' lang='lat' dir='ltr'>cum</span> <span class='ocrx_word' id='word_1_75' title='bbox 1385 1066 1456 1101; x_wconf 91' lang='lat' dir='ltr'>iam</span> <span class='ocrx_word' id='word_1_76' title='bbox 1482 1067 1553 1102; x_wconf 90' lang='lat' dir='ltr'>suis</span> <span class='ocrx_word' id='word_1_77' title='bbox 1574 1066 1789 1112; x_wconf 70' lang='lat' dir='ltr'>temporibus</span> 
     </span>
     <span class='ocr_line' id='line_1_12' title="bbox 132 1125 1791 1172; baseline 0 -12"><span class='ocrx_word' id='word_1_78' title='bbox 132 1129 243 1161; x_wconf 86' lang='lat' dir='ltr'>artem</span> <span class='ocrx_word' id='word_1_79' title='bbox 269 1126 437 1161; x_wconf 88' lang='lat' dir='ltr'>comicam</span> <span class='ocrx_word' id='word_1_80' title='bbox 463 1126 572 1161; x_wconf 91' lang='lat' dir='ltr'>minui</span> <span class='ocrx_word' id='word_1_81' title='bbox 597 1126 740 1172; x_wconf 87' lang='lat' dir='ltr'>locoque</span> <span class='ocrx_word' id='word_1_82' title='bbox 766 1126 935 1162; x_wconf 76' lang='lat' dir='ltr'>deteriore</span> <span class='ocrx_word' id='word_1_83' title='bbox 975 1139 1049 1162; x_wconf 90' lang='lat' dir='ltr'>esse</span> <span class='ocrx_word' id='word_1_84' title='bbox 1075 1125 1376 1169; x_wconf 73' lang='lat' dir='ltr'>animadverteret,</span> <span class='ocrx_word' id='word_1_85' title='bbox 1415 1138 1480 1161; x_wconf 91' lang='lat' dir='ltr'>sua</span> <span class='ocrx_word' id='word_1_86' title='bbox 1517 1129 1627 1161; x_wconf 76' lang='lat' dir='ltr'>morte</span> <span class='ocrx_word' id='word_1_87' title='bbox 1653 1125 1726 1160; x_wconf 85' lang='lat' dir='ltr'>fore</span> <span class='ocrx_word' id='word_1_88' title='bbox 1751 1129 1791 1161; x_wconf 88' lang='lat' dir='ltr'>ut</span> 
     </span>
     <span class='ocr_line' id='line_1_13' title="bbox 132 1184 1789 1232; baseline 0 -12"><span class='ocrx_word' id='word_1_89' title='bbox 132 1185 312 1221; x_wconf 88' lang='lat' dir='ltr'>comoedia</span> <span class='ocrx_word' id='word_1_90' title='bbox 337 1185 488 1231; x_wconf 86' lang='lat' dir='ltr'>graviter</span> <span class='ocrx_word' id='word_1_91' title='bbox 512 1186 646 1232; x_wconf 85' lang='lat' dir='ltr'>lugeret</span> <span class='ocrx_word' id='word_1_92' title='bbox 671 1199 733 1222; x_wconf 92' lang='lat' dir='ltr'>suo</span> <span class='ocrx_word' id='word_1_93' title='bbox 759 1187 833 1222; x_wconf 91' lang='lat' dir='ltr'>iure</span> <span class='ocrx_word' id='word_1_94' title='bbox 851 1186 1050 1232; x_wconf 85' lang='lat' dir='ltr'>praedicere</span> <span class='ocrx_word' id='word_1_95' title='bbox 1076 1186 1198 1232; x_wconf 89' lang='lat' dir='ltr'>potuit.</span> <span class='ocrx_word' id='word_1_96' title='bbox 1226 1184 1315 1231; x_wconf 77' lang='lat' dir='ltr'>Quis</span> <span class='ocrx_word' id='word_1_97' title='bbox 1331 1185 1423 1220; x_wconf 88' lang='lat' dir='ltr'>enim</span> <span class='ocrx_word' id='word_1_98' title='bbox 1440 1186 1648 1221; x_wconf 81' lang='lat' dir='ltr'>comicorum</span> <span class='ocrx_word' id='word_1_99' title='bbox 1675 1197 1789 1221; x_wconf 88' lang='lat' dir='ltr'>mores</span> 
     </span>
     <span class='ocr_line' id='line_1_14' title="bbox 130 1243 1789 1290; baseline 0 -11"><span class='ocrx_word' id='word_1_100' title='bbox 130 1244 311 1280; x_wconf 89' lang='lat' dir='ltr'>homiuum</span> <span class='ocrx_word' id='word_1_101' title='bbox 347 1248 451 1290; x_wconf 86' lang='lat' dir='ltr'>atque</span> <span class='ocrx_word' id='word_1_102' title='bbox 489 1245 629 1290; x_wconf 86' lang='lat' dir='ltr'>ingenia</span> <span class='ocrx_word' id='word_1_103' title='bbox 668 1249 740 1280; x_wconf 87' lang='lat' dir='ltr'>tam</span> <span class='ocrx_word' id='word_1_104' title='bbox 779 1245 963 1290; x_wconf 84' lang='lat' dir='ltr'>diligenter</span> <span class='ocrx_word' id='word_1_105' title='bbox 1001 1248 1036 1280; x_wconf 87' lang='lat' dir='ltr'>et</span> <span class='ocrx_word' id='word_1_106' title='bbox 1074 1248 1234 1279; x_wconf 84' lang='lat' dir='ltr'>accurate</span> <span class='ocrx_word' id='word_1_107' title='bbox 1274 1243 1447 1279; x_wconf 84' lang='lat' dir='ltr'>noverat?</span> <span class='ocrx_word' id='word_1_108' title='bbox 1487 1244 1575 1290; x_wconf 81' lang='lat' dir='ltr'>Quis</span> <span class='ocrx_word' id='word_1_109' title='bbox 1613 1244 1789 1279; x_wconf 88' lang='lat' dir='ltr'>efficacius</span> 
     </span>
     <span class='ocr_line' id='line_1_15' title="bbox 132 1303 1787 1352; baseline 0 -13"><span class='ocrx_word' id='word_1_110' title='bbox 132 1304 312 1350; x_wconf 86' lang='lat' dir='ltr'>proposuit</span> <span class='ocrx_word' id='word_1_111' title='bbox 335 1305 577 1350; x_wconf 74' lang='lat' dir='ltr'>perversitates</span> <span class='ocrx_word' id='word_1_112' title='bbox 603 1308 638 1340; x_wconf 89' lang='lat' dir='ltr'>et</span> <span class='ocrx_word' id='word_1_113' title='bbox 662 1305 859 1351; x_wconf 80' lang='lat' dir='ltr'>pravitates,</span> <span class='ocrx_word' id='word_1_114' title='bbox 896 1305 955 1340; x_wconf 92' lang='lat' dir='ltr'>illo</span> <span class='ocrx_word' id='word_1_115' title='bbox 994 1305 1065 1340; x_wconf 76' lang='lat' dir='ltr'>vita</span> <span class='ocrx_word' id='word_1_116' title='bbox 1104 1305 1266 1340; x_wconf 84' lang='lat' dir='ltr'>defuncto</span> <span class='ocrx_word' id='word_1_117' title='bbox 1279 1303 1297 1339; x_wconf 72' lang='grc' dir='ltr'>ἶ)</span> <span class='ocrx_word' id='word_1_118' title='bbox 1336 1304 1424 1352; x_wconf 80' lang='lat' dir='ltr'>Quis</span> <span class='ocrx_word' id='word_1_119' title='bbox 1463 1304 1612 1352; x_wconf 89' lang='lat' dir='ltr'>denique</span> <span class='ocrx_word' id='word_1_120' title='bbox 1651 1304 1787 1352; x_wconf 88' lang='lat' dir='ltr'>plebem</span> 
     </span>
     <span class='ocr_line' id='line_1_16' title="bbox 129 1362 862 1401; baseline 0.001 -3"><span class='ocrx_word' id='word_1_121' title='bbox 129 1363 328 1399; x_wconf 82' lang='lat' dir='ltr'>Romanam</span> <span class='ocrx_word' id='word_1_122' title='bbox 353 1365 403 1400; x_wconf 88' lang='lat' dir='ltr'>ita</span> <span class='ocrx_word' id='word_1_123' title='bbox 428 1364 598 1400; x_wconf 86' lang='lat' dir='ltr'>intellexit</span> <span class='ocrx_word' id='word_1_124' title='bbox 623 1368 662 1401; x_wconf 92' lang='lat' dir='ltr'>ut</span> <span class='ocrx_word' id='word_1_125' title='bbox 687 1362 862 1400; x_wconf 80' lang='lat' dir='ltr'>Plautus?</span> 
     </span>
    </p>

    <p class='ocr_par' dir='ltr' id='par_1_6' title="bbox 131 1422 1789 1649">
     <span class='ocr_line' id='line_1_17' title="bbox 250 1422 1788 1470; baseline -0.001 -11"><span class='ocrx_word' id='word_1_126' title='bbox 250 1422 386 1469; x_wconf 84' lang='lat' dir='ltr'>Anguli</span> <span class='ocrx_word' id='word_1_127' title='bbox 411 1424 550 1469; x_wconf 83' lang='lat' dir='ltr'>quidem</span> <span class='ocrx_word' id='word_1_128' title='bbox 576 1427 776 1469; x_wconf 79' lang='lat' dir='ltr'>secretaque</span> <span class='ocrx_word' id='word_1_129' title='bbox 802 1424 967 1459; x_wconf 90' lang='lat' dir='ltr'>librorum</span> <span class='ocrx_word' id='word_1_130' title='bbox 985 1424 1030 1459; x_wconf 85' lang='lat' dir='ltr'>ab</span> <span class='ocrx_word' id='word_1_131' title='bbox 1047 1424 1121 1460; x_wconf 92' lang='lat' dir='ltr'>eius</span> <span class='ocrx_word' id='word_1_132' title='bbox 1139 1424 1377 1470; x_wconf 85' lang='lat' dir='ltr'>intellegentia</span> <span class='ocrx_word' id='word_1_133' title='bbox 1398 1437 1570 1470; x_wconf 85' lang='lat' dir='ltr'>sensuque</span> <span class='ocrx_word' id='word_1_134' title='bbox 1588 1424 1788 1469; x_wconf 84' lang='lat' dir='ltr'>longissime</span> 
     </span>
     <span class='ocr_line' id='line_1_18' title="bbox 131 1482 1789 1529; baseline 0 -12"><span class='ocrx_word' id='word_1_135' title='bbox 131 1482 297 1526; x_wconf 88' lang='lat' dir='ltr'>aberant;</span> <span class='ocrx_word' id='word_1_136' title='bbox 324 1495 394 1528; x_wconf 91' lang='lat' dir='ltr'>qua</span> <span class='ocrx_word' id='word_1_137' title='bbox 419 1495 465 1527; x_wconf 86' lang='lat' dir='ltr'>re,</span> <span class='ocrx_word' id='word_1_138' title='bbox 492 1495 569 1518; x_wconf 88' lang='lat' dir='ltr'>cum</span> <span class='ocrx_word' id='word_1_139' title='bbox 595 1483 838 1528; x_wconf 87' lang='lat' dir='ltr'>magistrorum</span> <span class='ocrx_word' id='word_1_140' title='bbox 877 1486 1064 1529; x_wconf 85' lang='lat' dir='ltr'>praecepta</span> <span class='ocrx_word' id='word_1_141' title='bbox 1102 1482 1283 1527; x_wconf 79' lang='lat' dir='ltr'>defuerint,</span> <span class='ocrx_word' id='word_1_142' title='bbox 1323 1486 1449 1518; x_wconf 88' lang='lat' dir='ltr'>natura</span> <span class='ocrx_word' id='word_1_143' title='bbox 1486 1483 1563 1529; x_wconf 88' lang='lat' dir='ltr'>ipsa</span> <span class='ocrx_word' id='word_1_144' title='bbox 1601 1482 1661 1526; x_wconf 88' lang='lat' dir='ltr'>illi,</span> <span class='ocrx_word' id='word_1_145' title='bbox 1692 1482 1789 1518; x_wconf 87' lang='lat' dir='ltr'>tenui</span> 
     </span>
     <span class='ocr_line' id='line_1_19' title="bbox 131 1541 1787 1588; baseline 0.001 -11"><span class='ocrx_word' id='word_1_146' title='bbox 131 1541 207 1577; x_wconf 92' lang='lat' dir='ltr'>loco</span> <span class='ocrx_word' id='word_1_147' title='bbox 232 1545 308 1578; x_wconf 88' lang='lat' dir='ltr'>orto</span> <span class='ocrx_word' id='word_1_148' title='bbox 334 1541 512 1588; x_wconf 79' lang='lat' dir='ltr'>(Sarsinae</span> <span class='ocrx_word' id='word_1_149' title='bbox 538 1543 630 1578; x_wconf 90' lang='lat' dir='ltr'>euim</span> <span class='ocrx_word' id='word_1_150' title='bbox 656 1546 759 1578; x_wconf 87' lang='lat' dir='ltr'>natus</span> <span class='ocrx_word' id='word_1_151' title='bbox 785 1546 860 1578; x_wconf 88' lang='lat' dir='ltr'>erat</span> <span class='ocrx_word' id='word_1_152' title='bbox 885 1543 1030 1578; x_wconf 90' lang='lat' dir='ltr'>servitiis</span> <span class='ocrx_word' id='word_1_153' title='bbox 1056 1542 1234 1587; x_wconf 90' lang='lat' dir='ltr'>oriundus)</span> <span class='ocrx_word' id='word_1_154' title='bbox 1284 1543 1512 1578; x_wconf 86' lang='lat' dir='ltr'>eruditionem</span> <span class='ocrx_word' id='word_1_155' title='bbox 1551 1554 1711 1578; x_wconf 82' lang='lat' dir='ltr'>mancam</span> <span class='ocrx_word' id='word_1_156' title='bbox 1738 1542 1787 1578; x_wconf 85' lang='lat' dir='ltr'>fe-</span> 
     </span>
     <span class='ocr_line' id='line_1_20' title="bbox 131 1602 1788 1649; baseline 0 -12"><span class='ocrx_word' id='word_1_157' title='bbox 131 1602 227 1639; x_wconf 89' lang='lat' dir='ltr'>stivis</span> <span class='ocrx_word' id='word_1_158' title='bbox 253 1602 398 1649; x_wconf 86' lang='lat' dir='ltr'>argutiis</span> <span class='ocrx_word' id='word_1_159' title='bbox 423 1602 606 1648; x_wconf 86' lang='lat' dir='ltr'>nimiisque</span> <span class='ocrx_word' id='word_1_160' title='bbox 633 1602 773 1647; x_wconf 81' lang='lat' dir='ltr'>salibus,</span> <span class='ocrx_word' id='word_1_161' title='bbox 797 1603 927 1648; x_wconf 87' lang='lat' dir='ltr'>ingenii</span> <span class='ocrx_word' id='word_1_162' title='bbox 958 1602 1117 1638; x_wconf 85' lang='lat' dir='ltr'>acumine</span> <span class='ocrx_word' id='word_1_163' title='bbox 1143 1602 1260 1649; x_wconf 86' lang='lat' dir='ltr'>lepore</span> <span class='ocrx_word' id='word_1_164' title='bbox 1298 1602 1503 1638; x_wconf 73' lang='lat' dir='ltr'>facetiarum</span> <span class='ocrx_word' id='word_1_165' title='bbox 1541 1602 1788 1648; x_wconf 87' lang='lat' dir='ltr'>compensavit.</span> 
     </span>
    </p>

    <p class='ocr_par' dir='ltr' id='par_1_7' title="bbox 130 1661 1789 1937">
     <span class='ocr_line' id='line_1_21' title="bbox 251 1661 1789 1710; baseline 0 -12"><span class='ocrx_word' id='word_1_166' title='bbox 251 1661 387 1710; x_wconf 82' lang='lat' dir='ltr'>Quibus</span> <span class='ocrx_word' id='word_1_167' title='bbox 429 1665 575 1698; x_wconf 88' lang='lat' dir='ltr'>naturae</span> <span class='ocrx_word' id='word_1_168' title='bbox 616 1662 816 1698; x_wconf 83' lang='lat' dir='ltr'>muneribus</span> <span class='ocrx_word' id='word_1_169' title='bbox 857 1663 1039 1698; x_wconf 74' lang='lat' dir='ltr'>severitate</span> <span class='ocrx_word' id='word_1_170' title='bbox 1082 1663 1198 1698; x_wconf 89' lang='lat' dir='ltr'>mixtis</span> <span class='ocrx_word' id='word_1_171' title='bbox 1240 1662 1352 1709; x_wconf 89' lang='lat' dir='ltr'>plebis</span> <span class='ocrx_word' id='word_1_172' title='bbox 1389 1674 1503 1698; x_wconf 89' lang='lat' dir='ltr'>mores</span> <span class='ocrx_word' id='word_1_173' title='bbox 1541 1662 1727 1698; x_wconf 85' lang='lat' dir='ltr'>emendare</span> <span class='ocrx_word' id='word_1_174' title='bbox 1753 1666 1789 1698; x_wconf 83' lang='lat' dir='ltr'>et</span> 
     </span>
     <span class='ocr_line' id='line_1_22' title="bbox 131 1722 1788 1769; baseline 0 -12"><span class='ocrx_word' id='word_1_175' title='bbox 131 1722 300 1769; x_wconf 87' lang='lat' dir='ltr'>corrigere</span> <span class='ocrx_word' id='word_1_176' title='bbox 327 1735 519 1769; x_wconf 85' lang='lat' dir='ltr'>aggressus,</span> <span class='ocrx_word' id='word_1_177' title='bbox 546 1735 635 1768; x_wconf 89' lang='lat' dir='ltr'>quae</span> <span class='ocrx_word' id='word_1_178' title='bbox 663 1722 762 1767; x_wconf 79' lang='lat' dir='ltr'>Cato,</span> <span class='ocrx_word' id='word_1_179' title='bbox 788 1723 847 1768; x_wconf 92' lang='lat' dir='ltr'>qui</span> <span class='ocrx_word' id='word_1_180' title='bbox 873 1722 1026 1758; x_wconf 89' lang='lat' dir='ltr'>eiusdem</span> <span class='ocrx_word' id='word_1_181' title='bbox 1054 1723 1180 1758; x_wconf 89' lang='lat' dir='ltr'>aetatis</span> <span class='ocrx_word' id='word_1_182' title='bbox 1206 1726 1290 1766; x_wconf 84' lang='lat' dir='ltr'>erat,</span> <span class='ocrx_word' id='word_1_183' title='bbox 1327 1723 1497 1768; x_wconf 79' lang='lat' dir='ltr'>gravitate</span> <span class='ocrx_word' id='word_1_184' title='bbox 1524 1726 1560 1758; x_wconf 91' lang='lat' dir='ltr'>et</span> <span class='ocrx_word' id='word_1_185' title='bbox 1585 1722 1788 1758; x_wconf 79' lang='lat' dir='ltr'>austeritate</span> 
     </span>
     <span class='ocr_line' id='line_1_23' title="bbox 131 1781 1787 1828; baseline 0.001 -12"><span class='ocrx_word' id='word_1_186' title='bbox 131 1781 176 1816; x_wconf 85' lang='lat' dir='ltr'>ab</span> <span class='ocrx_word' id='word_1_187' title='bbox 202 1781 399 1817; x_wconf 90' lang='lat' dir='ltr'>hominibus</span> <span class='ocrx_word' id='word_1_188' title='bbox 424 1781 629 1816; x_wconf 88' lang='lat' dir='ltr'>honestioris</span> <span class='ocrx_word' id='word_1_189' title='bbox 659 1781 725 1816; x_wconf 90' lang='lat' dir='ltr'>loci</span> <span class='ocrx_word' id='word_1_190' title='bbox 763 1782 1009 1827; x_wconf 87' lang='lat' dir='ltr'>impetraturus</span> <span class='ocrx_word' id='word_1_191' title='bbox 1049 1785 1125 1817; x_wconf 87' lang='lat' dir='ltr'>erat</span> <span class='ocrx_word' id='word_1_192' title='bbox 1163 1794 1276 1827; x_wconf 80' lang='lat' dir='ltr'>neque</span> <span class='ocrx_word' id='word_1_193' title='bbox 1314 1783 1520 1828; x_wconf 70' lang='lat' dir='ltr'>impetravit,</span> <span class='ocrx_word' id='word_1_194' title='bbox 1559 1794 1602 1817; x_wconf 88' lang='lat' dir='ltr'>ea</span> <span class='ocrx_word' id='word_1_195' title='bbox 1640 1781 1787 1817; x_wconf 86' lang='lat' dir='ltr'>eandem</span> 
     </span>
     <span class='ocr_line' id='line_1_24' title="bbox 131 1841 1786 1889; baseline -0.001 -12"><span class='ocrx_word' id='word_1_196' title='bbox 131 1842 222 1877; x_wconf 88' lang='lat' dir='ltr'>viam</span> <span class='ocrx_word' id='word_1_197' title='bbox 249 1842 488 1889; x_wconf 84' lang='lat' dir='ltr'>rationemque</span> <span class='ocrx_word' id='word_1_198' title='bbox 515 1842 689 1888; x_wconf 89' lang='lat' dir='ltr'>ingressus</span> <span class='ocrx_word' id='word_1_199' title='bbox 727 1841 772 1877; x_wconf 87' lang='lat' dir='ltr'>ad</span> <span class='ocrx_word' id='word_1_200' title='bbox 811 1854 896 1888; x_wconf 92' lang='lat' dir='ltr'>quos</span> <span class='ocrx_word' id='word_1_201' title='bbox 935 1854 1047 1878; x_wconf 87' lang='lat' dir='ltr'>sermo</span> <span class='ocrx_word' id='word_1_202' title='bbox 1086 1846 1162 1877; x_wconf 89' lang='lat' dir='ltr'>erat</span> <span class='ocrx_word' id='word_1_203' title='bbox 1200 1842 1455 1886; x_wconf 86' lang='lat' dir='ltr'>accomodatus,</span> <span class='ocrx_word' id='word_1_204' title='bbox 1494 1841 1589 1887; x_wconf 88' lang='lat' dir='ltr'>apud</span> <span class='ocrx_word' id='word_1_205' title='bbox 1627 1841 1786 1877; x_wconf 86' lang='lat' dir='ltr'>homines</span> 
     </span>
     <span class='ocr_line' id='line_1_25' title="bbox 130 1900 611 1937; baseline -0.002 0"><span class='ocrx_word' id='word_1_206' title='bbox 130 1900 334 1937; x_wconf 89' lang='lat' dir='ltr'>humulioris</span> <span class='ocrx_word' id='word_1_207' title='bbox 360 1902 426 1937; x_wconf 88' lang='lat' dir='ltr'>loci</span> <span class='ocrx_word' id='word_1_208' title='bbox 453 1902 611 1937; x_wconf 86' lang='lat' dir='ltr'>abtinuit.</span> 
     </span>
    </p>

    <p class='ocr_par' dir='ltr' id='par_1_8' title="bbox 129 1960 1788 2187">
     <span class='ocr_line' id='line_1_26' title="bbox 249 1960 1787 2008; baseline -0.001 -10"><span class='ocrx_word' id='word_1_209' title='bbox 249 1961 340 1998; x_wconf 86' lang='lat' dir='ltr'>Cum</span> <span class='ocrx_word' id='word_1_210' title='bbox 367 1965 485 1998; x_wconf 86' lang='lat' dir='ltr'>autem</span> <span class='ocrx_word' id='word_1_211' title='bbox 510 1962 576 1998; x_wconf 89' lang='lat' dir='ltr'>hoc</span> <span class='ocrx_word' id='word_1_212' title='bbox 602 1961 738 1998; x_wconf 86' lang='lat' dir='ltr'>dicendi</span> <span class='ocrx_word' id='word_1_213' title='bbox 756 1974 864 2008; x_wconf 87' lang='lat' dir='ltr'>genus</span> <span class='ocrx_word' id='word_1_214' title='bbox 881 1961 1057 1997; x_wconf 85' lang='lat' dir='ltr'>sordidum</span> <span class='ocrx_word' id='word_1_215' title='bbox 1075 1973 1117 1996; x_wconf 89' lang='lat' dir='ltr'>ac</span> <span class='ocrx_word' id='word_1_216' title='bbox 1137 1973 1259 2007; x_wconf 86' lang='lat' dir='ltr'>parum</span> <span class='ocrx_word' id='word_1_217' title='bbox 1282 1960 1515 1996; x_wconf 88' lang='lat' dir='ltr'>verecundum</span> <span class='ocrx_word' id='word_1_218' title='bbox 1541 1960 1656 2007; x_wconf 92' lang='lat' dir='ltr'>lepido</span> <span class='ocrx_word' id='word_1_219' title='bbox 1683 1964 1787 2007; x_wconf 82' lang='lat' dir='ltr'>atque</span> 
     </span>
     <span class='ocr_line' id='line_1_27' title="bbox 130 2020 1788 2069; baseline 0 -13"><span class='ocrx_word' id='word_1_220' title='bbox 130 2021 264 2057; x_wconf 90' lang='lat' dir='ltr'>urbano</span> <span class='ocrx_word' id='word_1_221' title='bbox 290 2025 416 2068; x_wconf 75' lang='lat' dir='ltr'>poetae</span> <span class='ocrx_word' id='word_1_222' title='bbox 442 2023 607 2069; x_wconf 88' lang='lat' dir='ltr'>temporis</span> <span class='ocrx_word' id='word_1_223' title='bbox 634 2022 797 2068; x_wconf 76' lang='lat' dir='ltr'>Augusti,</span> <span class='ocrx_word' id='word_1_224' title='bbox 823 2022 882 2067; x_wconf 91' lang='lat' dir='ltr'>qui</span> <span class='ocrx_word' id='word_1_225' title='bbox 908 2021 1026 2057; x_wconf 87' lang='lat' dir='ltr'>multis</span> <span class='ocrx_word' id='word_1_226' title='bbox 1066 2021 1197 2057; x_wconf 84' lang='lat' dir='ltr'>salibus</span> <span class='ocrx_word' id='word_1_227' title='bbox 1239 2020 1454 2057; x_wconf 81' lang='lat' dir='ltr'>Graecorum</span> <span class='ocrx_word' id='word_1_228' title='bbox 1494 2021 1646 2056; x_wconf 89' lang='lat' dir='ltr'>imbutus</span> <span class='ocrx_word' id='word_1_229' title='bbox 1672 2024 1748 2056; x_wconf 83' lang='lat' dir='ltr'>erat</span> <span class='ocrx_word' id='word_1_230' title='bbox 1764 2021 1788 2064; x_wconf 81' lang='lat'>⁸)</span> 
     </span>
     <span class='ocr_line' id='line_1_28' title="bbox 129 2080 1786 2127; baseline -0.001 -10"><span class='ocrx_word' id='word_1_231' title='bbox 129 2093 209 2117; x_wconf 91' lang='lat' dir='ltr'>eum</span> <span class='ocrx_word' id='word_1_232' title='bbox 235 2082 282 2118; x_wconf 88' lang='lat' dir='ltr'>ad</span> <span class='ocrx_word' id='word_1_233' title='bbox 308 2083 550 2119; x_wconf 85' lang='lat' dir='ltr'>auctoritatem</span> <span class='ocrx_word' id='word_1_234' title='bbox 593 2082 770 2119; x_wconf 86' lang='lat' dir='ltr'>Ciceronis</span> <span class='ocrx_word' id='word_1_235' title='bbox 786 2083 811 2127; x_wconf 77' lang='lat'>⁴)</span> <span class='ocrx_word' id='word_1_236' title='bbox 851 2081 1055 2117; x_wconf 84' lang='lat' dir='ltr'>Latinarum</span> <span class='ocrx_word' id='word_1_237' title='bbox 1095 2081 1273 2116; x_wconf 84' lang='lat' dir='ltr'>literarum</span> <span class='ocrx_word' id='word_1_238' title='bbox 1313 2081 1477 2127; x_wconf 87' lang='lat' dir='ltr'>principis</span> <span class='ocrx_word' id='word_1_239' title='bbox 1518 2080 1720 2126; x_wconf 83' lang='lat' dir='ltr'>delegamus</span> <span class='ocrx_word' id='word_1_240' title='bbox 1751 2084 1786 2116; x_wconf 93' lang='lat' dir='ltr'>et</span> 
     </span>
     <span class='ocr_line' id='line_1_29' title="bbox 129 2135 1785 2187; baseline -0.001 -10"><span class='ocrx_word' id='word_1_241' title='bbox 129 2143 295 2179; x_wconf 87' lang='lat' dir='ltr'>ommissa</span> <span class='ocrx_word' id='word_1_242' title='bbox 322 2143 514 2179; x_wconf 83' lang='lat' dir='ltr'>Gamerarii</span> <span class='ocrx_word' id='word_1_243' title='bbox 541 2143 713 2179; x_wconf 85' lang='lat' dir='ltr'>sententia</span> <span class='ocrx_word' id='word_1_244' title='bbox 738 2142 823 2178; x_wconf 89' lang='lat' dir='ltr'>illud</span> <span class='ocrx_word' id='word_1_245' title='bbox 850 2141 952 2177; x_wconf 90' lang='lat' dir='ltr'>modo</span> <span class='ocrx_word' id='word_1_246' title='bbox 980 2135 1158 2187; x_wconf 75' lang='lat' dir='ltr'>Scaliger-i,</span> <span class='ocrx_word' id='word_1_247' title='bbox 1189 2141 1351 2177; x_wconf 88' lang='lat' dir='ltr'>»Horatii</span> <span class='ocrx_word' id='word_1_248' title='bbox 1377 2141 1543 2177; x_wconf 87' lang='lat' dir='ltr'>iudicium</span> <span class='ocrx_word' id='word_1_249' title='bbox 1565 2141 1639 2176; x_wconf 88' lang='lat' dir='ltr'>siue</span> <span class='ocrx_word' id='word_1_250' title='bbox 1657 2141 1785 2176; x_wconf 89' lang='lat' dir='ltr'>iudicio</span> 
     </span>
    </p>
   </div>
   <div class='ocr_carea' id='block_1_6' title="bbox 128 2240 1783 2355">
    <p class='ocr_par' dir='ltr' id='par_1_9' title="bbox 128 2240 1783 2355">
     <span class='ocr_line' id='line_1_30' title="bbox 249 2240 1783 2282; baseline -0.002 -9"><span class='ocrx_word' id='word_1_251' title='bbox 249 2244 271 2280; x_wconf 89' lang='lat'>¹)</span> <span class='ocrx_word' id='word_1_252' title='bbox 293 2242 364 2273; x_wconf 80' lang='lat' dir='ltr'>Gell.</span> <span class='ocrx_word' id='word_1_253' title='bbox 390 2243 414 2273; x_wconf 94' lang='lat'>1.</span> <span class='ocrx_word' id='word_1_254' title='bbox 436 2243 484 2273; x_wconf 85' lang='lat'>24.</span> <span class='ocrx_word' id='word_1_255' title='bbox 506 2243 543 2273; x_wconf 88' lang='lat' dir='ltr'>N.</span> <span class='ocrx_word' id='word_1_256' title='bbox 565 2243 600 2273; x_wconf 88' lang='lat' dir='ltr'>A.</span> <span class='ocrx_word' id='word_1_257' title='bbox 622 2243 645 2273; x_wconf 89' lang='grc' dir='ltr'>Ε</span> <span class='ocrx_word' id='word_1_258' title='bbox 646 2252 805 2282; x_wconf 78' lang='lat' dir='ltr'>pigramma</span> <span class='ocrx_word' id='word_1_259' title='bbox 835 2242 939 2277; x_wconf 90' lang='lat' dir='ltr'>Plauti</span> <span class='ocrx_word' id='word_1_260' title='bbox 972 2241 1049 2280; x_wconf 86' lang='lat' dir='ltr'>quod</span> <span class='ocrx_word' id='word_1_261' title='bbox 1080 2241 1293 2270; x_wconf 78' lang='lat' dir='ltr'>dubitassemus</span> <span class='ocrx_word' id='word_1_262' title='bbox 1325 2251 1361 2271; x_wconf 76' lang='grc' dir='ltr'>ἰιι</span> <span class='ocrx_word' id='word_1_263' title='bbox 1393 2240 1489 2270; x_wconf 78' lang='lat' dir='ltr'>Plauti</span> <span class='ocrx_word' id='word_1_264' title='bbox 1521 2241 1600 2276; x_wconf 76' lang='lat' dir='ltr'>loret,</span> <span class='ocrx_word' id='word_1_265' title='bbox 1627 2240 1683 2270; x_wconf 85' lang='lat' dir='ltr'>nisi</span> <span class='ocrx_word' id='word_1_266' title='bbox 1705 2250 1721 2270; x_wconf 83' lang='lat' dir='ltr'>a</span> <span class='ocrx_word' id='word_1_267' title='bbox 1743 2240 1783 2270; x_wconf 88' lang='grc' dir='ltr'>Μ.</span> 
     </span>
     <span class='ocr_line' id='line_1_31' title="bbox 128 2281 983 2322; baseline -0.002 -10"><span class='ocrx_word' id='word_1_268' title='bbox 128 2283 255 2312; x_wconf 82' lang='lat' dir='ltr'>Varrone</span> <span class='ocrx_word' id='word_1_269' title='bbox 275 2283 400 2322; x_wconf 90' lang='lat' dir='ltr'>positum</span> <span class='ocrx_word' id='word_1_270' title='bbox 421 2283 523 2312; x_wconf 84' lang='lat' dir='ltr'>fuisset</span> <span class='ocrx_word' id='word_1_271' title='bbox 543 2284 573 2312; x_wconf 91' lang='lat' dir='ltr'>in</span> <span class='ocrx_word' id='word_1_272' title='bbox 594 2283 666 2312; x_wconf 92' lang='lat' dir='ltr'>libro</span> <span class='ocrx_word' id='word_1_273' title='bbox 688 2283 736 2311; x_wconf 81' lang='lat' dir='ltr'>»de</span> <span class='ocrx_word' id='word_1_274' title='bbox 757 2282 863 2320; x_wconf 60' lang='lat' dir='ltr'>poetis«</span> <span class='ocrx_word' id='word_1_275' title='bbox 885 2281 983 2320; x_wconf 86' lang='lat' dir='ltr'>primo.</span> 
     </span>
     <span class='ocr_line' id='line_1_32' title="bbox 248 2323 668 2355; baseline -0.002 -3"><span class='ocrx_word' id='word_1_276' title='bbox 248 2323 272 2355; x_wconf 63' lang='grc' dir='ltr'>ἣ</span> <span class='ocrx_word' id='word_1_277' title='bbox 293 2323 411 2352; x_wconf 87' lang='lat' dir='ltr'>Homeri</span> <span class='ocrx_word' id='word_1_278' title='bbox 431 2323 500 2351; x_wconf 87' lang='lat' dir='ltr'>Ilias</span> <span class='ocrx_word' id='word_1_279' title='bbox 521 2323 599 2351; x_wconf 87' lang='lat' dir='ltr'><strong>XVI.</strong></span> <span class='ocrx_word' id='word_1_280' title='bbox 621 2323 668 2352; x_wconf 84' lang='lat'>69.</span> 
     </span>
    </p>
   </div>
   <div class='ocr_carea' id='block_1_7' title="bbox 247 2362 1463 2439">
    <p class='ocr_par' dir='ltr' id='par_1_10' title="bbox 247 2362 1463 2439">
     <span class='ocr_line' id='line_1_33' title="bbox 247 2362 1463 2439; baseline -0.002 -7"><span class='ocrx_word' id='word_1_281' title='bbox 247 2363 271 2399; x_wconf 62' lang='lat'>⁸)</span> <span class='ocrx_word' id='word_1_282' title='bbox 292 2362 407 2392; x_wconf 56' lang='lat' dir='ltr'>Horatii</span> <span class='ocrx_word' id='word_1_283' title='bbox 427 2362 511 2401; x_wconf 61' lang='lat' dir='ltr'>ePiSt</span> <span class='ocrx_word' id='word_1_284' title='bbox 532 2362 570 2398; x_wconf 77' lang='grc' dir='ltr'>Π</span> <span class='ocrx_word' id='word_1_285' title='bbox 595 2362 619 2398; x_wconf 76' lang='grc'><strong>1</strong></span> <span class='ocrx_word' id='word_1_286' title='bbox 644 2362 719 2392; x_wconf 71' lang='lat'>170</span> <span class='ocrx_word' id='word_1_287' title='bbox 1196 2400 1319 2439; x_wconf 80' lang='lat' dir='ltr'>Adspice</span> <span class='ocrx_word' id='word_1_288' title='bbox 1341 2400 1463 2430; x_wconf 88' lang='lat' dir='ltr'>Plautus</span> 
     </span>
    </p>
   </div>
   <div class='ocr_carea' id='block_1_8' title="bbox 365 2441 1242 2639">
    <p class='ocr_par' dir='ltr' id='par_1_11' title="bbox 367 2441 1049 2481">
     <span class='ocr_line' id='line_1_34' title="bbox 367 2441 1049 2481; baseline -0.003 -10"><span class='ocrx_word' id='word_1_289' title='bbox 367 2441 430 2478; x_wconf 85' lang='lat' dir='ltr'>Quo</span> <span class='ocrx_word' id='word_1_290' title='bbox 449 2444 534 2481; x_wconf 73' lang='lat' dir='ltr'>pacto</span> <span class='ocrx_word' id='word_1_291' title='bbox 554 2444 650 2481; x_wconf 80' lang='lat' dir='ltr'>partes</span> <span class='ocrx_word' id='word_1_292' title='bbox 670 2443 783 2471; x_wconf 70' lang='lat' dir='ltr'>tutetur</span> <span class='ocrx_word' id='word_1_293' title='bbox 803 2441 926 2470; x_wconf 75' lang='lat' dir='ltr'>amantis</span> <span class='ocrx_word' id='word_1_294' title='bbox 946 2441 1049 2479; x_wconf 84' lang='lat' dir='ltr'>ephebi</span> 
     </span>
    </p>

    <p class='ocr_par' dir='ltr' id='par_1_12' title="bbox 365 2480 998 2520">
     <span class='ocr_line' id='line_1_35' title="bbox 365 2480 998 2520; baseline -0.003 -9"><span class='ocrx_word' id='word_1_295' title='bbox 365 2482 408 2511; x_wconf 90' lang='lat' dir='ltr'>Ut</span> <span class='ocrx_word' id='word_1_296' title='bbox 427 2482 519 2520; x_wconf 84' lang='lat' dir='ltr'>patris</span> <span class='ocrx_word' id='word_1_297' title='bbox 539 2482 653 2518; x_wconf 75' lang='lat' dir='ltr'>attenti,</span> <span class='ocrx_word' id='word_1_298' title='bbox 675 2482 781 2511; x_wconf 79' lang='lat' dir='ltr'>tenoris</span> <span class='ocrx_word' id='word_1_299' title='bbox 802 2483 836 2510; x_wconf 86' lang='lat' dir='ltr'>ut</span> <span class='ocrx_word' id='word_1_300' title='bbox 855 2480 998 2510; x_wconf 85' lang='lat' dir='ltr'>insidiosi:</span> 
     </span>
    </p>

    <p class='ocr_par' dir='ltr' id='par_1_13' title="bbox 365 2520 1118 2559">
     <span class='ocr_line' id='line_1_36' title="bbox 365 2520 1118 2559; baseline -0.003 -8"><span class='ocrx_word' id='word_1_301' title='bbox 365 2521 498 2557; x_wconf 82' lang='lat' dir='ltr'>Quantus</span> <span class='ocrx_word' id='word_1_302' title='bbox 519 2521 558 2551; x_wconf 79' lang='lat' dir='ltr'>sit</span> <span class='ocrx_word' id='word_1_303' title='bbox 577 2522 742 2551; x_wconf 84' lang='lat' dir='ltr'>Dorsennus</span> <span class='ocrx_word' id='word_1_304' title='bbox 762 2521 897 2551; x_wconf 83' lang='lat' dir='ltr'>edacibus</span> <span class='ocrx_word' id='word_1_305' title='bbox 914 2520 947 2558; x_wconf 75' lang='lat' dir='ltr'>,in</span> <span class='ocrx_word' id='word_1_306' title='bbox 967 2520 1118 2559; x_wconf 73' lang='lat' dir='ltr'>parasitis:</span> 
     </span>
    </p>

    <p class='ocr_par' dir='ltr' id='par_1_14' title="bbox 365 2560 1091 2601">
     <span class='ocr_line' id='line_1_37' title="bbox 365 2560 1091 2601; baseline 0 -10"><span class='ocrx_word' id='word_1_307' title='bbox 365 2563 459 2598; x_wconf 75' lang='lat' dir='ltr'>Quam</span> <span class='ocrx_word' id='word_1_308' title='bbox 479 2571 535 2591; x_wconf 93' lang='lat' dir='ltr'>non</span> <span class='ocrx_word' id='word_1_309' title='bbox 555 2561 695 2592; x_wconf 84' lang='lat' dir='ltr'>adstricto</span> <span class='ocrx_word' id='word_1_310' title='bbox 715 2563 861 2601; x_wconf 84' lang='lat' dir='ltr'>percurrat</span> <span class='ocrx_word' id='word_1_311' title='bbox 880 2561 930 2600; x_wconf 93' lang='lat' dir='ltr'>pul</span> <span class='ocrx_word' id='word_1_312' title='bbox 950 2560 990 2590; x_wconf 78' lang='lat' dir='ltr'>ite</span> <span class='ocrx_word' id='word_1_313' title='bbox 1011 2570 1091 2591; x_wconf 71' lang='lat' dir='ltr'>socco</span> 
     </span>
    </p>

    <p class='ocr_par' dir='ltr' id='par_1_15' title="bbox 367 2600 1242 2639">
     <span class='ocr_line' id='line_1_38' title="bbox 367 2600 1242 2639; baseline -0.001 -8"><span class='ocrx_word' id='word_1_314' title='bbox 367 2601 464 2631; x_wconf 87' lang='lat' dir='ltr'>Gestit</span> <span class='ocrx_word' id='word_1_315' title='bbox 483 2602 558 2631; x_wconf 79' lang='lat' dir='ltr'>enim</span> <span class='ocrx_word' id='word_1_316' title='bbox 578 2612 726 2631; x_wconf 91' lang='lat' dir='ltr'>nummum</span> <span class='ocrx_word' id='word_1_317' title='bbox 747 2602 776 2631; x_wconf 92' lang='lat' dir='ltr'>in</span> <span class='ocrx_word' id='word_1_318' title='bbox 797 2601 902 2631; x_wconf 89' lang='lat' dir='ltr'>loculos</span> <span class='ocrx_word' id='word_1_319' title='bbox 943 2600 1082 2637; x_wconf 77' lang='lat' dir='ltr'>imittere3</span> <span class='ocrx_word' id='word_1_320' title='bbox 1103 2603 1169 2639; x_wconf 89' lang='lat' dir='ltr'>post</span> <span class='ocrx_word' id='word_1_321' title='bbox 1189 2601 1242 2630; x_wconf 77' lang='lat' dir='ltr'>hoe</span> 
     </span>
    </p>
   </div>
   <div class='ocr_carea' id='block_1_9' title="bbox 123 2640 1786 2801">
    <p class='ocr_par' dir='ltr' id='par_1_16' title="bbox 123 2640 1786 2801">
     <span class='ocr_line' id='line_1_39' title="bbox 365 2640 1052 2678; baseline -0.003 -7"><span class='ocrx_word' id='word_1_322' title='bbox 365 2641 496 2678; x_wconf 87' lang='lat' dir='ltr'>Securus,</span> <span class='ocrx_word' id='word_1_323' title='bbox 519 2641 612 2677; x_wconf 86' lang='lat' dir='ltr'>cadat,</span> <span class='ocrx_word' id='word_1_324' title='bbox 634 2651 671 2671; x_wconf 88' lang='lat' dir='ltr'>an</span> <span class='ocrx_word' id='word_1_325' title='bbox 693 2643 770 2671; x_wconf 86' lang='lat' dir='ltr'>recto</span> <span class='ocrx_word' id='word_1_326' title='bbox 790 2642 848 2671; x_wconf 80' lang='lat' dir='ltr'>stet</span> <span class='ocrx_word' id='word_1_327' title='bbox 866 2640 964 2670; x_wconf 85' lang='lat' dir='ltr'>fabula</span> <span class='ocrx_word' id='word_1_328' title='bbox 984 2640 1052 2670; x_wconf 88' lang='lat' dir='ltr'>talo.</span> 
     </span>
     <span class='ocr_line' id='line_1_40' title="bbox 192 2679 1786 2720; baseline -0.002 -9"><span class='ocrx_word' id='word_1_329' title='bbox 192 2703 195 2704; x_wconf 20' lang='grc' dir='ltr'><em>γ</em></span> <span class='ocrx_word' id='word_1_330' title='bbox 246 2682 270 2718; x_wconf 81' lang='lat'>⁴)</span> <span class='ocrx_word' id='word_1_331' title='bbox 291 2681 389 2711; x_wconf 85' lang='lat' dir='ltr'>Cicero</span> <span class='ocrx_word' id='word_1_332' title='bbox 409 2681 445 2711; x_wconf 88' lang='lat' dir='ltr'>de</span> <span class='ocrx_word' id='word_1_333' title='bbox 465 2682 513 2711; x_wconf 87' lang='lat' dir='ltr'>aff</span> <span class='ocrx_word' id='word_1_334' title='bbox 535 2682 558 2711; x_wconf 94' lang='lat' dir='ltr'>I.</span> <span class='ocrx_word' id='word_1_335' title='bbox 580 2682 627 2711; x_wconf 89' lang='grc'>29.</span> <span class='ocrx_word' id='word_1_336' title='bbox 649 2682 763 2720; x_wconf 78' lang='lat' dir='ltr'>Duplex</span> <span class='ocrx_word' id='word_1_337' title='bbox 783 2681 895 2711; x_wconf 83' lang='lat' dir='ltr'>omnino</span> <span class='ocrx_word' id='word_1_338' title='bbox 914 2682 960 2710; x_wconf 78' lang='lat' dir='ltr'>est</span> <span class='ocrx_word' id='word_1_339' title='bbox 980 2680 1092 2710; x_wconf 81' lang='lat' dir='ltr'>iocandi</span> <span class='ocrx_word' id='word_1_340' title='bbox 1122 2690 1221 2718; x_wconf 82' lang='lat' dir='ltr'>genus,</span> <span class='ocrx_word' id='word_1_341' title='bbox 1255 2690 1342 2709; x_wconf 90' lang='lat' dir='ltr'>unum</span> <span class='ocrx_word' id='word_1_342' title='bbox 1375 2680 1513 2709; x_wconf 81' lang='lat' dir='ltr'>illiberale</span> <span class='ocrx_word' id='word_1_343' title='bbox 1543 2680 1676 2719; x_wconf 76' lang='lat' dir='ltr'>petulans</span> <span class='ocrx_word' id='word_1_344' title='bbox 1707 2679 1786 2716; x_wconf 68' lang='lat' dir='ltr'>flagi</span> 
     </span>
     <span class='ocr_line' id='line_1_41' title="bbox 127 2711 1786 2759; baseline -0.001 -9"><span class='ocrx_word' id='word_1_345' title='bbox 127 2711 239 2757; x_wconf 78' lang='lat' dir='ltr'>tiosum,</span> <span class='ocrx_word' id='word_1_346' title='bbox 261 2721 438 2757; x_wconf 85' lang='lat' dir='ltr'>obscoenum,</span> <span class='ocrx_word' id='word_1_347' title='bbox 460 2721 584 2750; x_wconf 78' lang='lat' dir='ltr'>alterum</span> <span class='ocrx_word' id='word_1_348' title='bbox 604 2721 721 2759; x_wconf 86' lang='lat' dir='ltr'>elegans</span> <span class='ocrx_word' id='word_1_349' title='bbox 740 2722 882 2750; x_wconf 88' lang='lat' dir='ltr'>urbanum</span> <span class='ocrx_word' id='word_1_350' title='bbox 903 2720 1089 2758; x_wconf 81' lang='lat' dir='ltr'>ingeniosum,</span> <span class='ocrx_word' id='word_1_351' title='bbox 1111 2721 1244 2749; x_wconf 80' lang='lat' dir='ltr'>facetum.</span> <span class='ocrx_word' id='word_1_352' title='bbox 1273 2720 1336 2756; x_wconf 87' lang='lat' dir='ltr'>Quo</span> <span class='ocrx_word' id='word_1_353' title='bbox 1355 2730 1456 2757; x_wconf 83' lang='lat' dir='ltr'>genere</span> <span class='ocrx_word' id='word_1_354' title='bbox 1477 2729 1533 2749; x_wconf 91' lang='lat' dir='ltr'>non</span> <span class='ocrx_word' id='word_1_355' title='bbox 1553 2719 1637 2749; x_wconf 85' lang='lat' dir='ltr'>modo</span> <span class='ocrx_word' id='word_1_356' title='bbox 1664 2719 1786 2749; x_wconf 84' lang='lat' dir='ltr'>Plautus</span> 
     </span>
     <span class='ocr_line' id='line_1_42' title="bbox 123 2744 1723 2801; baseline -0.003 -10"><span class='ocrx_word' id='word_1_357' title='bbox 123 2763 152 2791; x_wconf 86' lang='lat' dir='ltr'>st</span> <span class='ocrx_word' id='word_1_358' title='bbox 184 2771 216 2792; x_wconf 86' lang='lat' dir='ltr'>er</span> <span class='ocrx_word' id='word_1_359' title='bbox 235 2762 266 2791; x_wconf 81' lang='lat' dir='ltr'>et</span> <span class='ocrx_word' id='word_1_360' title='bbox 284 2744 446 2792; x_wconf 75' lang='lat' dir='ltr'>Atticorum</span> <span class='ocrx_word' id='word_1_361' title='bbox 466 2761 587 2801; x_wconf 85' lang='lat' dir='ltr'>antiqua</span> <span class='ocrx_word' id='word_1_362' title='bbox 608 2761 759 2795; x_wconf 77' lang='lat' dir='ltr'>comoedia</span> <span class='ocrx_word' id='word_1_363' title='bbox 782 2761 831 2791; x_wconf 69' lang='lat' dir='ltr'>sed</span> <span class='ocrx_word' id='word_1_364' title='bbox 852 2760 938 2790; x_wconf 86' lang='lat' dir='ltr'>etiam</span> <span class='ocrx_word' id='word_1_365' title='bbox 959 2760 1192 2800; x_wconf 81' lang='lat' dir='ltr'>philosophorum</span> <span class='ocrx_word' id='word_1_366' title='bbox 1214 2760 1421 2790; x_wconf 71' lang='lat' dir='ltr'>Socraticorum</span> <span class='ocrx_word' id='word_1_367' title='bbox 1442 2759 1508 2789; x_wconf 91' lang='lat' dir='ltr'>libri</span> <span class='ocrx_word' id='word_1_368' title='bbox 1529 2759 1625 2789; x_wconf 77' lang='lat' dir='ltr'>referti</span> <span class='ocrx_word' id='word_1_369' title='bbox 1646 2761 1723 2789; x_wconf 81' lang='lat' dir='ltr'>sunt.</span> 
     </span>
    </p>
   </div>
   <div class='ocr_carea' id='block_1_10' title="bbox 1633 2809 1666 2843">
    <p class='ocr_par' dir='ltr' id='par_1_17' title="bbox 1633 2809 1666 2843">
     <span class='ocr_line' id='line_1_43' title="bbox 1633 2809 1666 2843; baseline 0 -18"><span class='ocrx_word' id='word_1_370' title='bbox 1633 2809 1666 2843; x_wconf 55' lang='lat'>1*</span> 
     </span>
    </p>
   </div>
  </div>
 </body>
</html>
