1951 3040
155 138 210 179 22

154 255 345 290 officiorum
385 258 448 298 est,
488 267 656 300 percussa
682 258 718 289 et
743 266 863 290 eversa
901 256 956 297 sit,
995 246 1147 290 ceterum
1192 255 1321 290 divitiis
1361 256 1472 291 auctis
1513 256 1619 290 etiam
1660 255 1824 292 libidines

154 314 327 360 pullulare
354 314 540 361 coeperint.
1828 320 1831 324 '

275 374 453 420 Quamdiu
482 374 603 420 religio
631 375 812 420 pietasque
837 374 955 410 salvae
981 377 1091 416 erant,
1118 377 1273 420 potestas
1299 374 1374 409 heri
1391 374 1585 415 incolumis,
1610 374 1722 410 victus
1747 373 1823 420 ipse

155 446 280 480 parcus
307 446 349 469 ac
375 434 552 480 parabilis,
580 446 622 470 ne
650 435 837 470 austeritas
864 434 1016 481 quidem,
1042 434 1220 470 muliebris
1246 434 1495 481 impedimento
1521 434 1595 470 fuit.
1623 433 1714 471 Cum
1741 445 1823 469 vero

155 494 387 528 unanimitate
413 493 566 538 turbata,
593 494 808 539 vinculisque
834 494 1039 529 concordiae
1065 495 1176 540 ruptis
1202 495 1352 530 feminae
1392 494 1566 530 connubio
1592 506 1654 540 per
1678 505 1823 529 manum

155 556 364 599 potestatem
392 553 528 589 vivendi
555 557 594 588 ut
620 553 758 597 vellent,
785 553 1009 600 accepissent,
1035 556 1109 589 tum
1137 554 1297 589 videlicet
1322 566 1461 590 omnem
1488 553 1651 589 duritiam
1691 553 1821 599 asperi-

156 616 333 658 tatemque
360 604 488 659 deponi
516 616 724 659 tantumque
750 617 874 648 mutua
899 613 1078 648 voluntate
1117 618 1324 659 perpetuum
1363 613 1621 649 matrimonium
1661 613 1823 648 sustineri

156 672 317 717 oportuit.
345 672 472 717 Itaque
500 676 647 715 constat,
675 685 739 707 nec
765 673 927 707 maritum
956 672 1053 707 illam
1080 672 1294 707 voluntatem
1322 673 1507 708 adduxisse
1534 684 1645 718 neque
1682 683 1824 707 uxorem

155 731 205 766 illi
233 731 341 766 invito
367 743 536 778 umquam
564 732 747 767 studuisse.

276 791 347 826 Ubi
375 795 494 826 autem
522 793 587 826 hoc
614 795 757 826 mutuae
785 791 973 826 voluntatis
1000 791 1176 826 vinculum
1203 791 1333 834 deerat,
1360 792 1464 826 etiam
1492 791 1554 825 illa
1575 790 1822 835 benignissima

157 862 271 885 rerum
300 850 498 886 aestimatio
526 851 657 894 aberat,
696 863 786 896 quae
827 863 896 885 non
932 850 1048 885 minus
1087 849 1178 885 vitiis
1218 850 1362 886 alterius
1387 850 1567 897 indulgere
1594 850 1691 894 solet,
1717 862 1822 896 quain

157 910 266 945 bonas
293 914 386 946 artes
426 911 587 946 maximis
627 911 789 946 laudibus
829 909 943 946 effere.
982 910 1069 945 Ideo
1107 911 1192 945 vitia
1219 910 1427 946 feminarum
1468 911 1588 946 eodem
1616 910 1728 954 modo,
1754 922 1823 955 quo

155 969 346 1015 aliquando
373 982 495 1005 earum
523 971 667 1005 virtutes
694 970 905 1005 eminebant.

277 1028 335 1064 Ac
360 1029 510 1075 primum
538 1029 660 1064 dotata
685 1042 773 1064 uxor
798 1029 969 1064 maximas
995 1029 1171 1064 molestias
1198 1029 1346 1064 exhibet.
1374 1029 1477 1064 Haec
1503 1028 1664 1064 omnibus
1690 1029 1821 1064 crucia-

156 1088 249 1123 tibus
275 1088 384 1123 afficit
409 1089 574 1123 maritum
591 1089 638 1131 ²);
666 1101 805 1123 summa
843 1092 897 1123 est
933 1088 1105 1133 superbia,
1149 1088 1360 1133 arrogantia,
1403 1087 1672 1133 magnificentia.
1711 1085 1824 1122 Amat

156 1147 304 1184 eburata
330 1147 498 1192 vehicula,
524 1147 657 1194 pallam
684 1160 895 1194 purpuream
911 1148 945 1192 ³),
971 1160 1136 1193 magnam
1159 1150 1259 1194 optat
1276 1151 1451 1183 catervam
1478 1160 1652 1183 servorum
1680 1146 1822 1182 ancilla-

155 1220 300 1252 rumque
316 1208 353 1250 ⁴),
378 1208 437 1252 qui
464 1208 494 1242 ei
522 1207 586 1243 soli
613 1208 775 1251 serviant,
802 1207 943 1253 opifices
969 1207 1150 1253 quoslibet,
1177 1207 1237 1252 qui
1263 1207 1337 1242 eius
1364 1206 1573 1242 utilitatibus
1609 1206 1774 1241 studeant
1788 1206 1824 1250 ὖ),

157 1279 247 1313 quac
274 1267 392 1302 onmia
418 1267 601 1303 etiamtum
628 1270 751 1313 optata
777 1270 886 1311 erant,
913 1280 992 1303 eum
1019 1267 1145 1303 marito
1184 1270 1340 1313 potestas
1379 1270 1471 1302 esset
1511 1266 1628 1302 omnia
1653 1265 1824 1312 explendi.

158 1327 217 1361 Ad
245 1327 333 1361 haec
360 1330 489 1371 autem,
517 1339 607 1372 quae
635 1339 698 1372 per
725 1339 761 1361 se
788 1327 921 1374 aliquid
948 1327 1181 1361 excusationis
1207 1326 1340 1361 habent
1366 1338 1477 1371 neque
1504 1330 1622 1360 tamen
1650 1325 1824 1370 coniugali

157 1386 265 1421 amori
294 1385 395 1421 nimis
430 1386 681 1431 impedimento
721 1390 811 1430 sunt,
852 1386 1001 1421 feminae
1040 1386 1292 1429 Romanorum,
1331 1398 1419 1432 quas
1450 1385 1592 1432 aequari
1619 1385 1701 1420 viris
1728 1384 1824 1430 leges

156 1446 228 1491 pati
255 1446 456 1491 inciperent,
483 1446 518 1480 in
546 1446 731 1482 discrimen
758 1446 981 1488 vocabantur,
1028 1450 1145 1481 utrum
1192 1446 1340 1490 vincula,
1374 1449 1500 1481 natura
1527 1449 1562 1481 et
1588 1457 1681 1480 more
1708 1445 1818 1490 impo-

157 1506 224 1541 sita
250 1509 475 1551 amputarent
501 1505 866 1551 circumciderentque,
896 1519 941 1541 an
968 1505 1067 1541 bonis
1108 1506 1215 1541 animi
1255 1506 1475 1552 corporisque
1515 1509 1619 1541 antea
1645 1505 1824 1550 denegatis

156 1578 249 1600 nunc
275 1565 464 1608 studerent,
491 1578 536 1599 an
563 1565 631 1600 illis
658 1566 761 1601 rebus
788 1569 1020 1609 versarentur,
1060 1578 1150 1611 quae
1178 1578 1256 1601 cum
1283 1566 1423 1611 ingenio
1463 1565 1645 1600 mulierum
1683 1564 1823 1599 omnino

157 1636 225 1659 non
255 1628 461 1669 congruunt.

278 1683 350 1719 Sed
376 1696 419 1718 ne
447 1688 519 1719 tum
549 1685 691 1732 quidam
721 1697 799 1720 cum
827 1698 849 1720 a
875 1697 995 1731 regum
1022 1685 1259 1720 dominatione
1286 1685 1321 1719 in
1347 1684 1541 1719 libertatem
1568 1683 1686 1729 populi
1713 1683 1822 1718 vindi-

158 1747 296 1778 caretur
321 1755 376 1778 res
403 1743 553 1789 publica,
587 1744 749 1779 mulieres
792 1744 1031 1780 Romanorum
1076 1748 1170 1779 certo
1209 1744 1312 1779 modo
1352 1744 1522 1779 obnoxiae
1565 1746 1672 1778 erant.
1715 1742 1825 1779 Velut

159 1803 374 1838 Graecorum
402 1803 561 1846 feminae,
589 1816 679 1849 quae
707 1805 879 1849 parietum
906 1804 1038 1839 umbris
1065 1804 1314 1838 occulebantur
1351 1803 1538 1848 limineque
1572 1803 1696 1848 pedem
1723 1814 1821 1837 num-

156 1874 263 1907 quam
289 1861 489 1906 efferebant,
503 1861 598 1897 fama
625 1874 692 1897 non
722 1864 843 1898 attrita
870 1863 1100 1909 aliquantum,
1128 1875 1275 1909 quarum
1294 1874 1468 1898 summum
1495 1861 1646 1897 studium
1674 1865 1758 1906 erat,
1780 1873 1823 1896 ne

158 1935 180 1956 a
219 1922 299 1957 viris
338 1922 566 1957 laudarentur
607 1935 693 1958 neve
734 1923 1078 1968 reprehenderentur.
1123 1922 1200 1957 Civi
1227 1922 1319 1957 enim
1346 1922 1529 1957 Romanae
1558 1922 1627 1956 iam
1655 1921 1821 1967 antiquis-

159 1981 255 2016 simis
282 1981 495 2027 temporibus
523 1993 591 2017 non
619 1982 731 2017 solum
759 1982 859 2017 ludos
885 1982 1042 2029 publicos
1068 1985 1263 2029 spectatum
1304 1982 1353 2017 ire
1379 1981 1511 2017 licitum
1552 1993 1823 2028 concessumque

159 2045 244 2085 erat,
272 2042 333 2077 sed
360 2042 466 2077 etiam
493 2042 658 2077 conviviis
684 2043 851 2078 interesse
868 2043 902 2086 ⁶).

280 2101 370 2137 Cum
398 2113 479 2136 vero
505 2114 619 2137 mores
650 2102 761 2147 magis
802 2102 981 2147 magisque
1021 2102 1121 2148 lapsi,
1160 2102 1384 2147 privataeque
1424 2102 1694 2138 necessitudines
1732 2102 1823 2137 male

156 2160 303 2196 affectae
331 2164 455 2204 essent,
484 2164 558 2195 tum
585 2161 691 2196 etiam
719 2161 880 2197 mulieres
907 2162 1025 2196 omnia
1050 2162 1220 2207 repagula
1246 2162 1388 2208 pudoris
1414 2161 1586 2208 officiique
1612 2162 1824 2207 perfringere

158 2222 357 2265 coeperunt.

278 2279 350 2315 Sed
376 2280 421 2314 ad
448 2280 626 2325 inceptum
652 2283 875 2315 revertamur.
904 2280 982 2315 Iam
1000 2293 1107 2326 supra
1125 2282 1402 2325 memoravimus,
1420 2282 1609 2316 maximam
1627 2281 1823 2317 molestiam

157 2339 272 2375 afferri
301 2346 325 2374 a·
348 2339 471 2374 dotata
497 2351 623 2383 uxore3
651 2339 686 2374 id
714 2352 783 2374 non
810 2340 922 2376 solum
949 2353 971 2376 a
996 2340 1125 2376 Plauto
1152 2340 1270 2376 multis
1310 2341 1394 2376 locis
1435 2344 1734 2386 commemoratur,
1761 2340 1823 2377 sed

157 2401 202 2435 ab
229 2400 390 2435 onmibus
417 2400 642 2446 scriptoribus
670 2400 812 2435 eaedem
840 2401 1001 2446 querelae
1028 2402 1166 2437 illorum
1193 2405 1388 2447 temporum
1414 2402 1613 2437 audiuntur.

278 2460 349 2497 Sed
377 2460 573 2504 audiamus,
599 2461 683 2506 quid
710 2464 814 2507 poe'ta
840 2461 914 2507 ipse
940 2461 983 2496 de
1010 2461 1064 2497 his
1090 2461 1292 2496 mulieribus
1319 2462 1501 2508 scripserit.
1528 2462 1705 2508 Imprimis
1732 2462 1820 2498 eius-

157 2521 250 2555 modi
277 2521 427 2555 feminae
455 2520 675 2566 disciplinam
707 2521 931 2556 domesticam
972 2534 1089 2557 severe
1116 2525 1242 2567 regunt
1267 2525 1302 2556 et
1328 2521 1506 2556 dominum
1534 2525 1697 2568 torquent
1713 2522 1754 2564 ⁷);
1781 2534 1823 2556 ex

157 2581 282 2626 quibus
309 2592 380 2615 nna
407 2583 460 2615 est
486 2580 521 2615 in
564 2579 693 2624 fabula,
740 2593 830 2626 quae
872 2581 1058 2626 imperiosa
1099 2585 1161 2624 est,
1204 2581 1330 2616 amoris
1369 2581 1517 2616 stimulis
1558 2582 1702 2627 agitata,
1728 2582 1823 2617 rixae

277 2691 300 2723 ⁵)
322 2689 402 2717 Asin.
426 2689 479 2720 872
499 2688 568 2723 Aul.
591 2689 628 2718 ΙΙ.
654 2690 678 2718 1.
701 2690 754 2721 45:
777 2690 829 2718 ΠΙ.
853 2691 884 2721 5:
907 2690 1024 2718 Iuvenal
1047 2691 1072 2724 6,
1096 2690 1169 2724 4603
1192 2690 1312 2718 Sennea:
1335 2692 1430 2720 contr:
1455 2690 1479 2722 1,
1503 2690 1529 2725 6,
1553 2691 1570 2718 5
1592 2699 1618 2728 p.
1642 2690 1689 2720 94.

275 2730 299 2763 ³)
320 2728 386 2757 Aul.
410 2728 446 2757 11.
472 2729 495 2762 1,
518 2729 566 2758 46:
589 2728 641 2763 ΙΙΙ,
666 2730 691 2763 5,
715 2729 762 2764 28;
785 2729 840 2757 Dio
861 2729 996 2763 XXXIX,
1020 2729 1066 2758 44.

275 2770 299 2803 ⁴)
320 2768 397 2797 Trin.
421 2768 589 2803 251-255,

276 2810 299 2844 ⁵)
320 2808 387 2837 Aul.
410 2808 536 2837 34—38.

273 2849 297 2883 6)
319 2848 402 2877 Corn.
425 2847 498 2885 Nep.
521 2848 609 2885 praef.
634 2848 661 2876 8.

275 2889 298 2922 ⁷)
319 2887 404 2917 Miles
426 2886 539 2923 glorios.
563 2887 616 2916 III.
642 2887 666 2918 1,
689 2888 736 2916 94.
