1951 3040
1757 77 1809 116 11

151 183 236 230 Vitia
262 181 470 227 nonsolum
495 189 627 237 gloriae
651 186 807 227 serviunt
821 190 874 241 ⁵²),
899 190 960 227 sed
997 188 1110 227 multo
1134 185 1239 226 etiam
1267 189 1380 236 magis
1408 188 1617 225 utilitatibus
1642 191 1678 224 et
1702 189 1810 225 sonii-

151 245 218 287 bus
232 250 307 296 ⁸³).·
313 271 359 277 --
385 249 442 286 At
463 247 578 287 ‘fidelis
602 249 664 295 est,
690 249 866 309 talemque
891 245 1006 287 fidum
1017 262 1129 297 aeque
1146 250 1326 286 dominum
1351 252 1456 296 putat
1469 249 1513 292 ⁶⁸)
1538 252 1645 294 atque
1670 249 1745 295 ipse
1761 248 1816 293 ⁸⁹),
1873 267 1877 271 ·

150 307 188 346 et
210 309 360 357 denique
386 310 603 347 audientium
629 310 753 360 globus
777 320 847 347 non
873 310 1021 349 dubitat.
1045 310 1130 357 quin
1145 310 1250 369 illius
1269 307 1453 346 familiaris
1477 308 1565 345 fides
1590 320 1673 345 vera
1697 308 1744 345 sit
1758 308 1812 352 σι).

161 369 164 372 ’
269 353 443 407 Stasimus
467 368 698 415 latebrarum,
715 382 806 416 quae
831 370 866 406 in
892 370 1033 407 homine
1058 374 1154 415 sunt,
1175 370 1426 431 sagacissimus
1451 360 1654 416 explorator
1679 372 1733 405 est
1749 368 1811 414 ⁶²);

149 441 186 465 se
211 429 325 476 ipsum
351 429 512 466 videlicet
536 429 666 476 optime
708 430 880 476 coguovit,
905 442 1013 476 quare
1038 430 1145 466 etiam
1170 442 1207 466 se
1233 429 1348 480 ipsum
1385 429 1526 476 plurimi
1551 428 1637 465 facit
1661 440 1811 475 suosque

148 500 337 532 successus,
363 500 442 524 cum
467 488 554 523 nihil
579 489 646 524 nisi
672 500 713 523 eo
739 492 860 524 autore
886 488 959 524 fieri
985 490 1095 535 possit
1110 489 1163 534 ⁶³),
1188 489 1267 535 plus
1294 501 1405 535 aequo
1442 488 1605 524 laudibus
1643 487 1743 523 effert
1758 489 1809 532 ⁶⁴).

269 546 444 592 Ceterum,
470 544 563 593 quod
593 548 697 583 etiam
725 547 908 584 dicendum
947 552 1001 584 est
1026 548 1070 584 de
1096 548 1248 584 moribus
1288 546 1432 585 Stasimi
1473 548 1601 584 nullius
1640 548 1807 583 momenti

148 609 211 649 est,
235 609 479 652 praeterquam
506 606 600 652 quod
625 607 731 642 serios
757 619 940 651 sermones,
976 609 1081 643 etiam
1108 608 1153 643 ab
1178 608 1255 643 aliis
1280 608 1418 643 habitos
1457 620 1527 643 non
1553 611 1651 642 amat
1677 618 1805 652 eosque

147 677 251 712 quam
279 665 430 700 maxime
456 668 580 711 potest,
607 665 747 712 ineptiis
770 665 894 702 iocosis
920 666 1062 703 discutit
1077 667 1151 711 85)..

268 724 471 771 Antequam
497 737 672 761 servorum
699 737 811 763 mores
837 726 1052 763 describendi
1091 726 1194 762 finem
1236 727 1391 771 facimus,
1433 726 1656 764 Stratilacem
1683 726 1809 762 mirum

146 776 323 831 quoddam
349 785 439 820 servi
465 788 581 831 caput,
606 785 641 820 in
668 798 807 821 scenam
833 787 969 822 mittere
995 787 1163 822 volumus.
1191 787 1311 831 Poeta,
1338 788 1397 833 qui
1423 787 1530 823 servis
1555 786 1714 833 quamvis
1739 786 1809 821 fere

146 844 306 879 virtutem
335 844 593 888 abiudicaverit,
619 844 654 879 in
680 844 808 889 fabula,
846 857 935 891 quae
976 846 1210 882 Truculentus
1248 846 1456 891 inscribitur,
1494 846 1587 889 facit,
1622 850 1661 881 ut
1686 858 1804 881 servus

146 903 335 951 pudicitiae
361 907 477 940 custos
503 903 575 948 fiat,
601 904 841 950 integerrimus
866 906 1020 941 omnium
1046 906 1208 942 virtutem
1234 910 1364 942 auctor.
1393 905 1564 943 Stratilax
1590 909 1643 941 est
1658 918 1746 941 unus
1772 909 1807 941 et

146 964 239 1000 solus
265 963 369 999 homo
395 963 495 1009 frugi,
521 964 755 1000 severissimus
781 963 935 1000 omnium
962 969 1118 1011 patruus,
1144 966 1333 1002 acerrimus
1349 966 1420 1001 veri
1438 966 1607 1009 defensor,
1633 966 1693 1011 qui
1719 965 1805 1000 iram

144 1027 245 1061 Suam
271 1023 305 1060 in
335 1023 594 1070 corruptissima
619 1018 791 1060 lenocinia
816 1019 962 1061 evolnit!
1007 1025 1061 1062 »O
1088 1025 1203 1061 (livine
1229 1025 1389 1062 subulce>
1411 1024 1645 1076 Truculente!
1685 1024 1806 1061 Macte

144 1085 270 1119 virtute
296 1087 370 1119 esto
387 1083 395 1118 !
424 1083 603 1127 Stmtilax,
629 1096 649 1119 o
675 1084 897 1120 fortissimum
923 1089 959 1120 et
975 1097 1108 1120 merum
1134 1098 1202 1129 rus,
1220 1098 1292 1121 una
1312 1090 1347 1121 et
1367 1086 1443 1121 sola
1459 1098 1516 1121 ars
1533 1085 1802 1131 indignantium,

144 1143 298 1180 maxima
322 1143 469 1179 formido
495 1156 532 1179 sc
546 1147 707 1179 »storum«
728 1144 778 1189 ⁶⁶).
806 1166 848 1169 —
880 1144 1025 1180 Poetam
1058 1157 1197 1191 quoque
1218 1146 1323 1190 iuvat,
1349 1145 1518 1181 infamato
1556 1157 1664 1189 servo,
1704 1145 1804 1191 quasi

143 1203 282 1250 publico
308 1202 447 1249 flagello
472 1216 573 1238 usum
599 1215 673 1239 esse
685 1216 694 1246 ;
720 1204 754 1238 in
782 1204 859 1239 sinu
877 1204 1016 1249 gaudet,
1042 1208 1217 1250 reputans,
1263 1208 1349 1250 quot
1390 1204 1500 1249 senes,
1525 1209 1612 1251 quot
1651 1205 1802 1248 invenes,

143 1266 228 1309 quot
254 1262 559 1309 Stratephanesae,
585 1263 619 1298 in
648 1276 754 1298 cavea
779 1264 970 1299 tremefacti
997 1264 1076 1312 sint,
1104 1264 1206 1299 simul
1233 1268 1338 1310 atque
1376 1277 1495 1300 eorum
1531 1277 1644 1300 mores
1682 1277 1802 1300 servus

143 1322 370 1371 exprobratus
396 1326 458 1360 est.

897 1425 920 1476 ἓ
953 1422 1041 1468 ΠΙ.

257 1514 415 1557 Iuvenes,
441 1513 565 1554 mariti,
592 1513 747 1548 coelibes.

257 1573 463 1609 Uberrimus
488 1573 575 1616 fons,
601 1585 642 1608 ex
668 1585 736 1618 quo
764 1572 910 1608 Plautus
949 1576 1065 1618 partes
1104 1573 1307 1608 maritorum
1347 1573 1518 1609 coelibum
1545 1577 1581 1608 et
1606 1573 1798 1609 amantium

137 1634 300 1669 iuvenum
326 1633 465 1668 haurire
492 1636 629 1679 poterat
653 1632 785 1667 familia
810 1633 887 1678 ipsa
913 1629 1194 1668 Romana'illius
1221 1634 1385 1679 temporis
1424 1637 1508 1668 erat.
1547 1632 1667 1668 Mores
1693 1634 1796 1668 inari-

137 1697 251 1729 torum
277 1693 366 1739 lapsi
392 1692 439 1728 ad
464 1692 638 1736 mollitias,
663 1692 733 1727 iam
761 1691 917 1727 dissoluti
943 1692 1137 1737 eademque
1163 1692 1321 1727 conubia.
1347 1692 1429 1728 Non
1457 1693 1549 1732 enim
1575 1692 1650 1727 fieri
1675 1693 1799 1738 potuit,

137 1755 177 1789 ιἰῖ
201 1753 236 1788 in
263 1765 300 1788 re
325 1752 476 1799 publica,
501 1752 537 1787 in
563 1764 633 1797 qua
658 1751 876 1786 condiciones
901 1751 1076 1787 servitutis
1102 1751 1153 1786 ita
1178 1750 1350 1786 florebant
1366 1752 1401 1797 ¹),
1427 1752 1645 1787 consentiens
1666 1756 1702 1787 et
1719 1764 1796 1798 pro-

136 1825 275 1859 sperum
301 1816 393 1848 esset
405 1812 599 1848 conubium.
627 1810 731 1846 Adde
757 1811 849 1856 quod
862 1811 927 1854 lex,
941 1823 1031 1856 quae
1046 1811 1091 1846 ab
1104 1824 1176 1847 una
1201 1815 1338 1847 tantum
1357 1811 1699 1862 parte-respiciebat,
1713 1825 1797 1855 rein,

137 1873 210 1909 viro
236 1885 372 1909 omnem
400 1875 606 1919 potestatem
634 1870 831 1918 praebebat,
858 1882 1000 1906 uxorem
1018 1874 1136 1906 autem
1163 1871 1305 1906 vetabat
1330 1868 1463 1907 crimini
1490 1871 1574 1907 dare
1600 1871 1796 1908 adulterum

135 1934 208 1969 viro
223 1934 268 1978 ²);
294 1933 375 1969 inde
402 1932 620 1979 sequebatur,
649 1935 686 1968 ut
710 1943 822 1967 mores
848 1931 1054 1967 maritorum
1080 1931 1345 1976 collaberentur‚
1385 1932 1547 1978 coniugia
1572 1935 1690 1968 autem
1717 1945 1789 1968 om—

136 1993 217 2029 nino
243 1994 369 2029 misera
395 1996 511 2028 essent
528 1992 560 2037 ⁸).
588 1990 640 2027 At
665 1992 691 2026 si
719 1991 858 2037 quando
885 1990 1112 2036 sapientiores
1139 1991 1254 2026 mariti
1280 1995 1381 2026 erant
1406 1992 1512 2027 etiam
1539 1995 1612 2027 tum
1653 2004 1793 2028 uxorem

136 2066 206 2088 non
232 2053 409 2097 amabant,
435 2052 496 2088 sed
523 2052 625 2087 modo
652 2051 891 2094 aestimabant,
917 2063 989 2096 qua
1014 2063 1050 2085 re
1077 2051 1182 2086 etiam
1223 2063 1415 2098 cognomen
1454 2052 1632 2097 amatoris
1646 2052 1792 2098 ignomi-

137 2112 272 2148 niosum
297 2116 373 2147 erat
388 2113 423 2157 ³).
450 2112 622 2157 Perpauci
647 2111 749 2146 huius
774 2110 937 2156 temporis
963 2121 1006 2144 ea
1031 2113 1113 2145 sunt
1138 2110 1191 2145 usi
1218 2110 1399 2155 sapientia,
1425 2110 1469 2145 de
1507 2123 1578 2156 qua
1593 2112 1619 2155 ⁴)
1659 2111 1795 2147 Seneca

255 2201 293 2275 ἓξ
312 2200 496 2265 Τήῃῖωωυε
507 2200 584 2268 453192'
598 2239 674 2268 1009
718 2239 793 2268 1054

254 2280 291 2315 ⁶⁹)
392 2291 404 2304 »
508 2263 592 2308 101'1.

253 2320 291 2355 ω)
312 2319 374 2348 Etsi
396 2319 533 2348 scelestus
552 2321 605 2354 est,
628 2321 659 2348 at
679 2318 716 2347 mi
738 2318 861 2347 infidelis
882 2327 937 2346 non
958 2318 1010 2345 ast.

253 2360 291 2394 61)
311 2359 495 2388 Trinummus
516 2359 682 2388 617—671.

256 2399 293 2434 ⁸²)
394 2411 406 2424 >0
507 2399 574 2428 604.

255 2440 293 2475 ⁶³)
394 2452 405 2464 >›
506 2439 573 2468 515.

254 2479 292 2514 ⁶⁴)
393 2491 405 2503 ›>
463 2488 465 2490 ·
507 2478 573 2507 560.

253 2519 291 2553 ⁶⁶)
392 2530 404 2542 >›
505 2518 571 2552 641,
594 2517 661 2546 704.

253 2558 291 2592 ⁶⁶)
312 2556 397 2586 Klein
418 2556 590 2586 Geschichte
612 2556 639 2585 d.
662 2556 792 2585 Dramas.

256 2598 278 2632 Ι)
298 2596 658 2634 Marquart—Mommsen.

252 2637 276 2671 ²)
296 2635 420 2664 Ekastor
438 2636 500 2672 lege
521 2635 594 2664 dura
614 2636 712 2664 vivant
741 2635 872 2663 mulieres
902 2634 1052 2672 Multoque
1083 2635 1220 2672 iniquiore
1252 2636 1370 2663 miserae
1402 2645 1467 2673 qam
1500 2636 1550 2663 viri
1585 2635 1660 2663 Nam
1693 2635 1736 2662 vir
1767 2635 1790 2662 si

132 2676 257 2703 soertum
278 2674 361 2704 duxit
381 2675 454 2704 clam
476 2684 590 2704 uxorem
611 2684 693 2703 suam
727 2674 787 2703 Idsi
807 2673 921 2702 rescivit
944 2683 1022 2709 uxor,
1058 2674 1203 2712 impunest
1224 2674 1282 2703 viro
1316 2674 1402 2709 Uxor
1435 2674 1527 2703 virum
1555 2674 1577 2702 si
1605 2674 1677 2702 clam
1710 2673 1793 2702 domo

132 2723 247 2751 egressa
266 2714 350 2751 foras,
386 2714 445 2744 viro
480 2714 516 2744 fit
535 2724 622 2744 causa
641 2714 766 2752 exigitur
785 2712 972 2743 matrimonio.

252 2755 275 2790 ὅ)
296 2754 387 2791 Sin-ge
408 2756 533 2790 amat0r;
554 2756 698 2792 egressast
719 2754 832 2783 domum
852 2753 882 2782 id
893 2753 940 2787 74
952 2754 983 2782 id
994 2754 1032 2783 75
1053 2754 1203 2783 Mercator.
1221 2771 1255 2775 --
1272 2755 1295 2789 ⁴)
1317 2754 1437 2783 Seneca:
1450 2754 1479 2782 in
1495 2754 1587 2783 aliena
1602 2763 1687 2783 uxore
1701 2753 1792 2782 omnis

133 2801 213 2822 amor
231 2793 324 2832 turpis
345 2795 397 2829 est,
418 2794 449 2823 in
469 2803 521 2823 sua
542 2793 654 2823 nimius.
676 2793 795 2832 Sapiens
815 2792 858 2821 vir
877 2791 982 2822 iudicio
1003 2793 1090 2822 debet
1109 2803 1205 2823 amare
1236 2793 1383 2832 coniugem
1415 2803 1470 2824 non
1501 2793 1614 2823 affectu.
1646 2792 1727 2824 Nihil
1747 2794 1792 2825 est

133 2832 242 2863 foedius
263 2843 349 2872 quam
371 2843 484 2863 uxorem
505 2843 601 2863 amare
621 2833 704 2872 quasi
724 2833 892 2865 adulteram.
