<?xml version="1.0" encoding="UTF-8"?>
<!DOCTYPE html PUBLIC "-//W3C//DTD XHTML 1.0 Transitional//EN"
    "http://www.w3.org/TR/xhtml1/DTD/xhtml1-transitional.dtd">
<html xmlns="http://www.w3.org/1999/xhtml" xml:lang="en" lang="en">
 <head>
  <title>
</title>
<meta http-equiv="Content-Type" content="text/html;charset=utf-8" />
  <meta name='ocr-system' content='tesseract 3.04.00' />
  <meta name='ocr-capabilities' content='ocr_page ocr_carea ocr_par ocr_line ocrx_word'/>
</head>
<body>
  <div class='ocr_page' id='page_1' title='image "4737944_0022.png"; bbox 0 0 1951 3040; ppageno 0'>
   <div class='ocr_carea' id='block_1_1' title="bbox 117 67 170 108">
    <p class='ocr_par' dir='ltr' id='par_1_1' title="bbox 117 67 170 108">
     <span class='ocr_line' id='line_1_1' title="bbox 117 67 170 108; baseline 0 0"><span class='ocrx_word' id='word_1_1' title='bbox 117 67 170 108; x_wconf 84' lang='lat'><strong>12</strong></span> 
     </span>
    </p>
   </div>
   <div class='ocr_carea' id='block_1_2' title="bbox 111 184 1786 1180">
    <p class='ocr_par' dir='ltr' id='par_1_2' title="bbox 111 184 1782 349">
     <span class='ocr_line' id='line_1_2' title="bbox 111 184 1782 235; baseline 0.002 -16"><span class='ocrx_word' id='word_1_2' title='bbox 111 184 276 230; x_wconf 88' lang='lat' dir='ltr'><strong>loquitur.</strong></span> <span class='ocrx_word' id='word_1_3' title='bbox 304 184 436 221; x_wconf 89' lang='lat' dir='ltr'>Odium</span> <span class='ocrx_word' id='word_1_4' title='bbox 475 185 687 220; x_wconf 81' lang='lat' dir='ltr'><strong>matrimonii</strong></span> <span class='ocrx_word' id='word_1_5' title='bbox 714 185 783 220; x_wconf 89' lang='lat' dir='ltr'><strong>iam</strong></span> <span class='ocrx_word' id='word_1_6' title='bbox 809 185 845 220; x_wconf 90' lang='lat' dir='ltr'><strong>in</strong></span> <span class='ocrx_word' id='word_1_7' title='bbox 872 186 997 221; x_wconf 75' lang='lat' dir='ltr'><strong>miimis</strong></span> <span class='ocrx_word' id='word_1_8' title='bbox 1035 185 1229 229; x_wconf 77' lang='lat' dir='ltr'><strong>insidebat3</strong></span> <span class='ocrx_word' id='word_1_9' title='bbox 1267 184 1454 235; x_wconf 77' lang='lat' dir='ltr'><strong>conubium</strong></span> <span class='ocrx_word' id='word_1_10' title='bbox 1489 197 1552 232; x_wconf 84' lang='lat' dir='ltr'><strong>pro</strong></span> <span class='ocrx_word' id='word_1_11' title='bbox 1578 185 1782 232; x_wconf 59' lang='lat' dir='ltr'><strong>gratissimo</strong></span> 
     </span>
     <span class='ocr_line' id='line_1_3' title="bbox 115 242 1781 291; baseline 0.002 -13"><span class='ocrx_word' id='word_1_12' title='bbox 115 243 208 279; x_wconf 83' lang='lat' dir='ltr'><strong>malo</strong></span> <span class='ocrx_word' id='word_1_13' title='bbox 234 242 431 279; x_wconf 80' lang='lat' dir='ltr'><strong>habebatur</strong></span> <span class='ocrx_word' id='word_1_14' title='bbox 456 242 643 279; x_wconf 87' lang='lat' dir='ltr'><strong>liberorum</strong></span> <span class='ocrx_word' id='word_1_15' title='bbox 669 246 808 279; x_wconf 84' lang='lat' dir='ltr'><strong>tantum</strong></span> <span class='ocrx_word' id='word_1_16' title='bbox 834 243 1063 280; x_wconf 79' lang='lat' dir='ltr'><strong>creandorum</strong></span> <span class='ocrx_word' id='word_1_17' title='bbox 1090 255 1198 280; x_wconf 83' lang='lat' dir='ltr'><strong>causa</strong></span> <span class='ocrx_word' id='word_1_18' title='bbox 1215 243 1261 289; x_wconf 80' lang='lat'><strong>⁶);</strong></span> <span class='ocrx_word' id='word_1_19' title='bbox 1287 256 1401 291; x_wconf 87' lang='lat' dir='ltr'><strong>neque</strong></span> <span class='ocrx_word' id='word_1_20' title='bbox 1417 244 1551 281; x_wconf 87' lang='lat' dir='ltr'><strong>-mirum</strong></span> <span class='ocrx_word' id='word_1_21' title='bbox 1588 247 1651 288; x_wconf 84' lang='lat' dir='ltr'><strong>est,</strong></span> <span class='ocrx_word' id='word_1_22' title='bbox 1687 243 1781 291; x_wconf 85' lang='lat' dir='ltr'><strong>quod</strong></span> 
     </span>
     <span class='ocr_line' id='line_1_4' title="bbox 116 296 1782 349; baseline 0.001 -11"><span class='ocrx_word' id='word_1_23' title='bbox 116 303 256 349; x_wconf 85' lang='lat' dir='ltr'><strong>plurimi</strong></span> <span class='ocrx_word' id='word_1_24' title='bbox 283 306 346 338; x_wconf 86' lang='lat' dir='ltr'><strong>aut</strong></span> <span class='ocrx_word' id='word_1_25' title='bbox 361 302 511 339; x_wconf 87' lang='lat' dir='ltr'><strong>coelibes</strong></span> <span class='ocrx_word' id='word_1_26' title='bbox 529 315 614 347; x_wconf 79' lang='lat' dir='ltr'><strong>esse,</strong></span> <span class='ocrx_word' id='word_1_27' title='bbox 633 307 695 339; x_wconf 87' lang='lat' dir='ltr'><strong>aut</strong></span> <span class='ocrx_word' id='word_1_28' title='bbox 710 304 826 339; x_wconf 86' lang='lat' dir='ltr'><strong>mariti</strong></span> <span class='ocrx_word' id='word_1_29' title='bbox 852 307 1046 340; x_wconf 82' lang='lat' dir='ltr'><strong>scortantes</strong></span> <span class='ocrx_word' id='word_1_30' title='bbox 1072 307 1108 339; x_wconf 91' lang='lat' dir='ltr'><strong>et</strong></span> <span class='ocrx_word' id='word_1_31' title='bbox 1133 296 1233 349; x_wconf 87' lang='lat' dir='ltr'><strong>quasi</strong></span> <span class='ocrx_word' id='word_1_32' title='bbox 1251 302 1464 340; x_wconf 78' lang='lat' dir='ltr'><strong>bacchantes</strong></span> <span class='ocrx_word' id='word_1_33' title='bbox 1481 315 1557 339; x_wconf 85' lang='lat' dir='ltr'><strong>esse</strong></span> <span class='ocrx_word' id='word_1_34' title='bbox 1573 303 1782 340; x_wconf 82' lang='lat' dir='ltr'><strong>maluerunt.</strong></span> 
     </span>
    </p>

    <p class='ocr_par' dir='ltr' id='par_1_3' title="bbox 113 362 1783 467">
     <span class='ocr_line' id='line_1_5' title="bbox 234 362 1783 408; baseline 0 -10"><span class='ocrx_word' id='word_1_35' title='bbox 234 362 344 408; x_wconf 87' lang='lat' dir='ltr'>Apud</span> <span class='ocrx_word' id='word_1_36' title='bbox 372 362 538 398; x_wconf 83' lang='lat' dir='ltr'><strong>Plautum</strong></span> <span class='ocrx_word' id='word_1_37' title='bbox 577 366 695 408; x_wconf 84' lang='lat' dir='ltr'><strong>partes</strong></span> <span class='ocrx_word' id='word_1_38' title='bbox 735 362 1149 407; x_wconf 75' lang='lat' dir='ltr'><strong>coelibum-invenimus,</strong></span> <span class='ocrx_word' id='word_1_39' title='bbox 1188 365 1394 407; x_wconf 83' lang='lat' dir='ltr'><strong>amatorum,</strong></span> <span class='ocrx_word' id='word_1_40' title='bbox 1413 362 1633 399; x_wconf 58' lang='lat' dir='ltr'><strong>&gt;maritorum</strong></span> <span class='ocrx_word' id='word_1_41' title='bbox 1658 374 1783 398; x_wconf 83' lang='lat' dir='ltr'><strong>uxores</strong></span> 
     </span>
     <span class='ocr_line' id='line_1_6' title="bbox 113 421 836 467; baseline 0.001 -11"><span class='ocrx_word' id='word_1_42' title='bbox 113 421 388 467; x_wconf 88' lang='lat' dir='ltr'><strong>despicientium,</strong></span> <span class='ocrx_word' id='word_1_43' title='bbox 415 434 537 457; x_wconf 87' lang='lat' dir='ltr'><strong>senum</strong></span> <span class='ocrx_word' id='word_1_44' title='bbox 564 421 836 457; x_wconf 90' lang='lat' dir='ltr'><strong>libidinosorum.</strong></span> 
     </span>
    </p>

    <p class='ocr_par' dir='ltr' id='par_1_4' title="bbox 114 480 1784 755">
     <span class='ocr_line' id='line_1_7' title="bbox 233 480 1783 526; baseline 0 -10"><span class='ocrx_word' id='word_1_45' title='bbox 233 480 359 516; x_wconf 86' lang='lat' dir='ltr'><strong>Partes</strong></span> <span class='ocrx_word' id='word_1_46' title='bbox 385 480 542 526; x_wconf 84' lang='lat' dir='ltr'>perditae</span> <span class='ocrx_word' id='word_1_47' title='bbox 582 481 778 517; x_wconf 86' lang='lat' dir='ltr'><strong>amantium</strong></span> <span class='ocrx_word' id='word_1_48' title='bbox 805 481 968 517; x_wconf 88' lang='lat' dir='ltr'><strong>iuvenum</strong></span> <span class='ocrx_word' id='word_1_49' title='bbox 1012 481 1173 517; x_wconf 88' lang='lat' dir='ltr'><strong>omnibus</strong></span> <span class='ocrx_word' id='word_1_50' title='bbox 1215 481 1286 517; x_wconf 90' lang='lat' dir='ltr'><strong>fere</strong></span> <span class='ocrx_word' id='word_1_51' title='bbox 1311 481 1438 517; x_wconf 84' lang='lat' dir='ltr'><strong>fabulis</strong></span> <span class='ocrx_word' id='word_1_52' title='bbox 1481 481 1610 526; x_wconf 85' lang='lat' dir='ltr'><strong>insunt,</strong></span> <span class='ocrx_word' id='word_1_53' title='bbox 1636 493 1783 526; x_wconf 90' lang='lat' dir='ltr'><strong>quorum</strong></span> 
     </span>
     <span class='ocr_line' id='line_1_8' title="bbox 115 540 1783 586; baseline 0.001 -12"><span class='ocrx_word' id='word_1_54' title='bbox 115 540 242 585; x_wconf 86' lang='lat' dir='ltr'><strong>exiguo</strong></span> <span class='ocrx_word' id='word_1_55' title='bbox 269 552 344 583; x_wconf 87' lang='lat' dir='ltr'><strong>usu,</strong></span> <span class='ocrx_word' id='word_1_56' title='bbox 370 540 566 575; x_wconf 74' lang='lat' dir='ltr'><strong>temeritate</strong></span> <span class='ocrx_word' id='word_1_57' title='bbox 593 544 629 575; x_wconf 87' lang='lat' dir='ltr'><strong>et</strong></span> <span class='ocrx_word' id='word_1_58' title='bbox 655 541 761 575; x_wconf 89' lang='lat' dir='ltr'><strong>animi</strong></span> <span class='ocrx_word' id='word_1_59' title='bbox 788 540 1049 586; x_wconf 82' lang='lat' dir='ltr'><strong>perturbatione</strong></span> <span class='ocrx_word' id='word_1_60' title='bbox 1075 540 1137 575; x_wconf 89' lang='lat' dir='ltr'><strong>illa</strong></span> <span class='ocrx_word' id='word_1_61' title='bbox 1162 541 1213 576; x_wconf 93' lang='lat' dir='ltr'><strong>vis</strong></span> <span class='ocrx_word' id='word_1_62' title='bbox 1239 540 1372 576; x_wconf 86' lang='lat' dir='ltr'><strong>comica</strong></span> <span class='ocrx_word' id='word_1_63' title='bbox 1397 540 1515 576; x_wconf 84' lang='lat' dir='ltr'><strong>Plauti</strong></span> <span class='ocrx_word' id='word_1_64' title='bbox 1537 552 1647 586; x_wconf 79' lang='lat' dir='ltr'><strong>aeque</strong></span> <span class='ocrx_word' id='word_1_65' title='bbox 1673 540 1783 575; x_wconf 88' lang='lat' dir='ltr'><strong>conti-</strong></span> 
     </span>
     <span class='ocr_line' id='line_1_9' title="bbox 118 598 1784 646; baseline 0 -12"><span class='ocrx_word' id='word_1_66' title='bbox 118 602 219 635; x_wconf 86' lang='lat' dir='ltr'><strong>netur</strong></span> <span class='ocrx_word' id='word_1_67' title='bbox 246 602 351 644; x_wconf 84' lang='lat' dir='ltr'><strong>atque</strong></span> <span class='ocrx_word' id='word_1_68' title='bbox 377 598 539 644; x_wconf 84' lang='lat' dir='ltr'><strong>igniculis</strong></span> <span class='ocrx_word' id='word_1_69' title='bbox 567 599 730 635; x_wconf 89' lang='lat' dir='ltr'><strong>virtutum</strong></span> <span class='ocrx_word' id='word_1_70' title='bbox 760 605 795 635; x_wconf 91' lang='lat' dir='ltr'><strong>et</strong></span> <span class='ocrx_word' id='word_1_71' title='bbox 820 599 1010 635; x_wconf 87' lang='lat' dir='ltr'><strong>seminibus</strong></span> <span class='ocrx_word' id='word_1_72' title='bbox 1050 599 1166 635; x_wconf 84' lang='lat' dir='ltr'><strong>adhuc</strong></span> <span class='ocrx_word' id='word_1_73' title='bbox 1204 600 1357 646; x_wconf 81' lang='lat' dir='ltr'><strong>integris.</strong></span> <span class='ocrx_word' id='word_1_74' title='bbox 1395 599 1519 646; x_wconf 88' lang='lat' dir='ltr'><strong>Neque</strong></span> <span class='ocrx_word' id='word_1_75' title='bbox 1558 602 1634 635; x_wconf 88' lang='lat' dir='ltr'><strong>erat</strong></span> <span class='ocrx_word' id='word_1_76' title='bbox 1666 599 1784 635; x_wconf 88' lang='lat' dir='ltr'><strong>Plauti</strong></span> 
     </span>
     <span class='ocr_line' id='line_1_10' title="bbox 114 658 1781 707; baseline 0.001 -14"><span class='ocrx_word' id='word_1_77' title='bbox 114 658 335 694; x_wconf 88' lang='lat' dir='ltr'><strong>severitatem</strong></span> <span class='ocrx_word' id='word_1_78' title='bbox 361 659 415 694; x_wconf 89' lang='lat' dir='ltr'><strong>vel</strong></span> <span class='ocrx_word' id='word_1_79' title='bbox 441 658 660 705; x_wconf 83' lang='lat' dir='ltr'><strong>dignitatem.</strong></span> <span class='ocrx_word' id='word_1_80' title='bbox 686 659 746 695; x_wconf 85' lang='lat' dir='ltr'><strong>sed</strong></span> <span class='ocrx_word' id='word_1_81' title='bbox 774 672 828 695; x_wconf 88' lang='lat' dir='ltr'><strong>res</strong></span> <span class='ocrx_word' id='word_1_82' title='bbox 854 659 1019 695; x_wconf 78' lang='lat' dir='ltr'><strong>ridiculas</strong></span> <span class='ocrx_word' id='word_1_83' title='bbox 1046 662 1081 694; x_wconf 91' lang='lat' dir='ltr'><strong>et</strong></span> <span class='ocrx_word' id='word_1_84' title='bbox 1106 672 1218 705; x_wconf 86' lang='lat' dir='ltr'><strong>nugas</strong></span> <span class='ocrx_word' id='word_1_85' title='bbox 1257 660 1461 705; x_wconf 84' lang='lat' dir='ltr'><strong>describere,</strong></span> <span class='ocrx_word' id='word_1_86' title='bbox 1504 672 1575 707; x_wconf 85' lang='lat' dir='ltr'><strong>qua</strong></span> <span class='ocrx_word' id='word_1_87' title='bbox 1612 659 1719 695; x_wconf 86' lang='lat' dir='ltr'><strong>etiam</strong></span> <span class='ocrx_word' id='word_1_88' title='bbox 1745 672 1781 695; x_wconf 91' lang='lat' dir='ltr'><strong>re</strong></span> 
     </span>
     <span class='ocr_line' id='line_1_11' title="bbox 118 718 662 755; baseline 0.004 -2"><span class='ocrx_word' id='word_1_89' title='bbox 118 719 268 754; x_wconf 82' lang='lat' dir='ltr'><strong>maxime</strong></span> <span class='ocrx_word' id='word_1_90' title='bbox 295 718 411 754; x_wconf 83' lang='lat' dir='ltr'><strong>differt</strong></span> <span class='ocrx_word' id='word_1_91' title='bbox 437 731 459 754; x_wconf 90' lang='lat' dir='ltr'><strong>a</strong></span> <span class='ocrx_word' id='word_1_92' title='bbox 486 719 662 755; x_wconf 85' lang='lat' dir='ltr'><strong>Terentio.</strong></span> 
     </span>
    </p>

    <p class='ocr_par' dir='ltr' id='par_1_5' title="bbox 116 778 1786 1180">
     <span class='ocr_line' id='line_1_12' title="bbox 237 778 1782 825; baseline 0 -12"><span class='ocrx_word' id='word_1_93' title='bbox 237 778 374 813; x_wconf 83' lang='lat' dir='ltr'><strong>Primus</strong></span> <span class='ocrx_word' id='word_1_94' title='bbox 401 791 505 822; x_wconf 87' lang='lat' dir='ltr'><strong>error,</strong></span> <span class='ocrx_word' id='word_1_95' title='bbox 532 779 591 824; x_wconf 93' lang='lat' dir='ltr'><strong>qui</strong></span> <span class='ocrx_word' id='word_1_96' title='bbox 618 779 775 825; x_wconf 85' lang='lat' dir='ltr'><strong>plurimis</strong></span> <span class='ocrx_word' id='word_1_97' title='bbox 802 779 902 814; x_wconf 88' lang='lat' dir='ltr'><strong>malis</strong></span> <span class='ocrx_word' id='word_1_98' title='bbox 942 779 1100 822; x_wconf 89' lang='lat' dir='ltr'><strong>obicitur,</strong></span> <span class='ocrx_word' id='word_1_99' title='bbox 1127 782 1180 814; x_wconf 87' lang='lat' dir='ltr'><strong>est</strong></span> <span class='ocrx_word' id='word_1_100' title='bbox 1205 779 1333 814; x_wconf 89' lang='lat' dir='ltr'><strong>nimius</strong></span> <span class='ocrx_word' id='word_1_101' title='bbox 1359 791 1457 814; x_wconf 88' lang='lat' dir='ltr'><strong>amor</strong></span> <span class='ocrx_word' id='word_1_102' title='bbox 1498 778 1782 814; x_wconf 88' lang='lat' dir='ltr'><strong>adulescentium.</strong></span> 
     </span>
     <span class='ocr_line' id='line_1_13' title="bbox 117 837 1786 884; baseline 0.001 -12"><span class='ocrx_word' id='word_1_103' title='bbox 117 837 250 874; x_wconf 88' lang='lat' dir='ltr'><strong>Omnes</strong></span> <span class='ocrx_word' id='word_1_104' title='bbox 277 837 326 872; x_wconf 92' lang='lat' dir='ltr'><strong>illi</strong></span> <span class='ocrx_word' id='word_1_105' title='bbox 354 838 545 882; x_wconf 88' lang='lat' dir='ltr'><strong>insaniunt,</strong></span> <span class='ocrx_word' id='word_1_106' title='bbox 572 842 688 873; x_wconf 91' lang='lat' dir='ltr'><strong>mente</strong></span> <span class='ocrx_word' id='word_1_107' title='bbox 715 838 807 884; x_wconf 88' lang='lat' dir='ltr'><strong>capti</strong></span> <span class='ocrx_word' id='word_1_108' title='bbox 835 850 952 873; x_wconf 87' lang='lat' dir='ltr'><strong>amore</strong></span> <span class='ocrx_word' id='word_1_109' title='bbox 979 837 1069 873; x_wconf 89' lang='lat' dir='ltr'><strong>fiunt</strong></span> <span class='ocrx_word' id='word_1_110' title='bbox 1084 839 1119 881; x_wconf 69' lang='lat'><strong>¹⁵).</strong></span> <span class='ocrx_word' id='word_1_111' title='bbox 1163 837 1207 873; x_wconf 86' lang='lat' dir='ltr'><strong>Id</strong></span> <span class='ocrx_word' id='word_1_112' title='bbox 1233 850 1341 873; x_wconf 89' lang='lat' dir='ltr'><strong>unum</strong></span> <span class='ocrx_word' id='word_1_113' title='bbox 1380 842 1500 884; x_wconf 84' lang='lat' dir='ltr'><strong>agunt,</strong></span> <span class='ocrx_word' id='word_1_114' title='bbox 1526 842 1566 874; x_wconf 87' lang='lat' dir='ltr'><strong>ut</strong></span> <span class='ocrx_word' id='word_1_115' title='bbox 1590 838 1627 873; x_wconf 86' lang='lat' dir='ltr'><strong>in</strong></span> <span class='ocrx_word' id='word_1_116' title='bbox 1654 838 1786 873; x_wconf 82' lang='lat' dir='ltr'><strong>amicae</strong></span> 
     </span>
     <span class='ocr_line' id='line_1_14' title="bbox 116 896 1786 943; baseline 0 -12"><span class='ocrx_word' id='word_1_117' title='bbox 116 897 230 942; x_wconf 85' lang='lat' dir='ltr'><strong>gratia</strong></span> <span class='ocrx_word' id='word_1_118' title='bbox 256 897 336 940; x_wconf 87' lang='lat' dir='ltr'><strong>sint,</strong></span> <span class='ocrx_word' id='word_1_119' title='bbox 362 909 469 942; x_wconf 87' lang='lat' dir='ltr'><strong>quam</strong></span> <span class='ocrx_word' id='word_1_120' title='bbox 488 897 523 931; x_wconf 89' lang='lat' dir='ltr'><strong>in</strong></span> <span class='ocrx_word' id='word_1_121' title='bbox 545 896 613 932; x_wconf 87' lang='lat' dir='ltr'><strong>fide</strong></span> <span class='ocrx_word' id='word_1_122' title='bbox 633 900 671 932; x_wconf 92' lang='lat' dir='ltr'><strong>ut</strong></span> <span class='ocrx_word' id='word_1_123' title='bbox 687 898 899 941; x_wconf 85' lang='lat' dir='ltr'><strong>contineant,</strong></span> <span class='ocrx_word' id='word_1_124' title='bbox 927 897 1013 932; x_wconf 90' lang='lat' dir='ltr'><strong>nihil</strong></span> <span class='ocrx_word' id='word_1_125' title='bbox 1039 898 1257 943; x_wconf 87' lang='lat' dir='ltr'><strong>inexpertum</strong></span> <span class='ocrx_word' id='word_1_126' title='bbox 1285 897 1460 941; x_wconf 77' lang='lat' dir='ltr'><strong>omittunt,</strong></span> <span class='ocrx_word' id='word_1_127' title='bbox 1477 897 1610 932; x_wconf 89' lang='lat' dir='ltr'><strong>nullam</strong></span> <span class='ocrx_word' id='word_1_128' title='bbox 1637 897 1786 943; x_wconf 89' lang='lat' dir='ltr'><strong>culpam,</strong></span> 
     </span>
     <span class='ocr_line' id='line_1_15' title="bbox 118 955 1786 1002; baseline 0 -12"><span class='ocrx_word' id='word_1_129' title='bbox 118 955 253 991; x_wconf 89' lang='lat' dir='ltr'><strong>nullum</strong></span> <span class='ocrx_word' id='word_1_130' title='bbox 281 955 432 991; x_wconf 84' lang='lat' dir='ltr'><strong>dedecus</strong></span> <span class='ocrx_word' id='word_1_131' title='bbox 459 960 630 1000; x_wconf 80' lang='lat' dir='ltr'><strong>recusant,</strong></span> <span class='ocrx_word' id='word_1_132' title='bbox 647 959 686 991; x_wconf 91' lang='lat' dir='ltr'><strong>ut</strong></span> <span class='ocrx_word' id='word_1_133' title='bbox 705 956 920 1002; x_wconf 90' lang='lat' dir='ltr'><strong>voluptatem</strong></span> <span class='ocrx_word' id='word_1_134' title='bbox 949 956 1118 1002; x_wconf 84' lang='lat' dir='ltr'><strong>arripiant</strong></span> <span class='ocrx_word' id='word_1_135' title='bbox 1134 956 1168 1000; x_wconf 89' lang='grc'><strong>7).</strong></span> <span class='ocrx_word' id='word_1_136' title='bbox 1196 955 1403 991; x_wconf 84' lang='lat' dir='ltr'><strong>Liberaliter</strong></span> <span class='ocrx_word' id='word_1_137' title='bbox 1419 959 1454 991; x_wconf 90' lang='lat' dir='ltr'><strong>et</strong></span> <span class='ocrx_word' id='word_1_138' title='bbox 1471 956 1621 1002; x_wconf 86' lang='lat' dir='ltr'><strong>ingenue</strong></span> <span class='ocrx_word' id='word_1_139' title='bbox 1648 956 1786 992; x_wconf 87' lang='lat' dir='ltr'><strong>educati</strong></span> 
     </span>
     <span class='ocr_line' id='line_1_16' title="bbox 119 1010 1784 1060; baseline 0.001 -11"><span class='ocrx_word' id='word_1_140' title='bbox 119 1014 361 1050; x_wconf 84' lang='lat' dir='ltr'><strong>adulescentes</strong></span> <span class='ocrx_word' id='word_1_141' title='bbox 387 1027 505 1049; x_wconf 88' lang='lat' dir='ltr'><strong>amore</strong></span> <span class='ocrx_word' id='word_1_142' title='bbox 532 1018 801 1060; x_wconf 87' lang='lat' dir='ltr'><strong>corrumpuntur</strong></span> <span class='ocrx_word' id='word_1_143' title='bbox 827 1019 862 1050; x_wconf 88' lang='lat' dir='ltr'><strong>et</strong></span> <span class='ocrx_word' id='word_1_144' title='bbox 895 1010 1131 1060; x_wconf 82' lang='lat' dir='ltr'><strong>depravantur</strong></span> <span class='ocrx_word' id='word_1_145' title='bbox 1146 1015 1181 1059; x_wconf 71' lang='grc' dir='ltr'><strong>Β).</strong></span> <span class='ocrx_word' id='word_1_146' title='bbox 1224 1015 1339 1050; x_wconf 86' lang='lat' dir='ltr'><strong>Unam</strong></span> <span class='ocrx_word' id='word_1_147' title='bbox 1378 1014 1557 1049; x_wconf 88' lang='lat' dir='ltr'><strong>libidinem</strong></span> <span class='ocrx_word' id='word_1_148' title='bbox 1596 1015 1707 1050; x_wconf 82' lang='lat' dir='ltr'><strong>altera</strong></span> <span class='ocrx_word' id='word_1_149' title='bbox 1732 1026 1784 1050; x_wconf 88' lang='lat' dir='ltr'><strong>se-</strong></span> 
     </span>
     <span class='ocr_line' id='line_1_17' title="bbox 118 1073 1786 1120; baseline 0.001 -12"><span class='ocrx_word' id='word_1_150' title='bbox 118 1074 238 1119; x_wconf 91' lang='lat' dir='ltr'><strong>quitur</strong></span> <span class='ocrx_word' id='word_1_151' title='bbox 254 1074 288 1118; x_wconf 83' lang='lat'><strong>⁹).</strong></span> <span class='ocrx_word' id='word_1_152' title='bbox 315 1073 544 1109; x_wconf 86' lang='lat' dir='ltr'><strong>Perditissimi</strong></span> <span class='ocrx_word' id='word_1_153' title='bbox 572 1073 793 1119; x_wconf 87' lang='lat' dir='ltr'><strong>cupidinibus</strong></span> <span class='ocrx_word' id='word_1_154' title='bbox 819 1077 956 1109; x_wconf 88' lang='lat' dir='ltr'><strong>tantum</strong></span> <span class='ocrx_word' id='word_1_155' title='bbox 984 1074 1147 1118; x_wconf 89' lang='lat' dir='ltr'><strong>serviunt,</strong></span> <span class='ocrx_word' id='word_1_156' title='bbox 1178 1085 1326 1119; x_wconf 88' lang='lat' dir='ltr'><strong>quarum</strong></span> <span class='ocrx_word' id='word_1_157' title='bbox 1365 1074 1533 1120; x_wconf 91' lang='lat' dir='ltr'><strong>impetum</strong></span> <span class='ocrx_word' id='word_1_158' title='bbox 1560 1074 1786 1120; x_wconf 84' lang='lat' dir='ltr'><strong>comprimere</strong></span> 
     </span>
     <span class='ocr_line' id='line_1_18' title="bbox 118 1133 1463 1180; baseline 0.001 -12"><span class='ocrx_word' id='word_1_159' title='bbox 118 1133 189 1168; x_wconf 90' lang='lat' dir='ltr'><strong>iam</strong></span> <span class='ocrx_word' id='word_1_160' title='bbox 216 1145 283 1168; x_wconf 92' lang='lat' dir='ltr'><strong>non</strong></span> <span class='ocrx_word' id='word_1_161' title='bbox 311 1136 458 1179; x_wconf 90' lang='lat' dir='ltr'><strong>possunt</strong></span> <span class='ocrx_word' id='word_1_162' title='bbox 475 1133 514 1177; x_wconf 88' lang='lat'><strong>¹⁰)</strong></span> <span class='ocrx_word' id='word_1_163' title='bbox 542 1133 606 1168; x_wconf 92' lang='lat' dir='ltr'><strong>nisi</strong></span> <span class='ocrx_word' id='word_1_164' title='bbox 633 1134 783 1179; x_wconf 88' lang='lat' dir='ltr'><strong>pecunia</strong></span> <span class='ocrx_word' id='word_1_165' title='bbox 809 1133 920 1169; x_wconf 85' lang='lat' dir='ltr'><strong>effusa</strong></span> <span class='ocrx_word' id='word_1_166' title='bbox 946 1134 1060 1169; x_wconf 88' lang='lat' dir='ltr'><strong>amica</strong></span> <span class='ocrx_word' id='word_1_167' title='bbox 1085 1134 1162 1180; x_wconf 87' lang='lat' dir='ltr'><strong>ipsa</strong></span> <span class='ocrx_word' id='word_1_168' title='bbox 1188 1145 1246 1169; x_wconf 88' lang='lat' dir='ltr'><strong>eos</strong></span> <span class='ocrx_word' id='word_1_169' title='bbox 1273 1133 1463 1180; x_wconf 89' lang='lat' dir='ltr'><strong>propulsat.</strong></span> 
     </span>
    </p>
   </div>
   <div class='ocr_carea' id='block_1_3' title="bbox 121 1202 1794 2080">
    <p class='ocr_par' dir='ltr' id='par_1_6' title="bbox 121 1202 1794 1833">
     <span class='ocr_line' id='line_1_19' title="bbox 239 1202 1785 1249; baseline 0.001 -11"><span class='ocrx_word' id='word_1_170' title='bbox 239 1202 309 1249; x_wconf 80' lang='lat' dir='ltr'><strong>Qui</strong></span> <span class='ocrx_word' id='word_1_171' title='bbox 335 1203 364 1238; x_wconf 89' lang='lat' dir='ltr'><strong>si</strong></span> <span class='ocrx_word' id='word_1_172' title='bbox 391 1215 464 1238; x_wconf 90' lang='lat' dir='ltr'><strong>rem</strong></span> <span class='ocrx_word' id='word_1_173' title='bbox 490 1203 696 1238; x_wconf 82' lang='lat' dir='ltr'><strong>familiarem</strong></span> <span class='ocrx_word' id='word_1_174' title='bbox 723 1203 958 1249; x_wconf 88' lang='lat' dir='ltr'><strong>perdiderunt,</strong></span> <span class='ocrx_word' id='word_1_175' title='bbox 985 1203 1092 1239; x_wconf 91' lang='lat' dir='ltr'><strong>etiam</strong></span> <span class='ocrx_word' id='word_1_176' title='bbox 1124 1204 1344 1239; x_wconf 86' lang='lat' dir='ltr'><strong>honestatem</strong></span> <span class='ocrx_word' id='word_1_177' title='bbox 1371 1215 1541 1249; x_wconf 91' lang='lat' dir='ltr'><strong>omneque</strong></span> <span class='ocrx_word' id='word_1_178' title='bbox 1568 1203 1673 1239; x_wconf 90' lang='lat' dir='ltr'><strong>decus</strong></span> <span class='ocrx_word' id='word_1_179' title='bbox 1700 1204 1785 1239; x_wconf 88' lang='lat' dir='ltr'><strong>ami-</strong></span> 
     </span>
     <span class='ocr_line' id='line_1_20' title="bbox 121 1262 1789 1307; baseline -0.001 -9"><span class='ocrx_word' id='word_1_180' title='bbox 121 1266 255 1306; x_wconf 88' lang='lat' dir='ltr'><strong>serunt;</strong></span> <span class='ocrx_word' id='word_1_181' title='bbox 283 1275 364 1297; x_wconf 88' lang='lat' dir='ltr'><strong>nam</strong></span> <span class='ocrx_word' id='word_1_182' title='bbox 392 1263 545 1307; x_wconf 88' lang='lat' dir='ltr'><strong>lacerati,</strong></span> <span class='ocrx_word' id='word_1_183' title='bbox 572 1263 664 1298; x_wconf 85' lang='lat' dir='ltr'><strong>foras</strong></span> <span class='ocrx_word' id='word_1_184' title='bbox 703 1263 802 1298; x_wconf 88' lang='lat' dir='ltr'><strong>eiecti</strong></span> <span class='ocrx_word' id='word_1_185' title='bbox 842 1263 983 1298; x_wconf 90' lang='lat' dir='ltr'><strong>domum</strong></span> <span class='ocrx_word' id='word_1_186' title='bbox 1023 1263 1177 1298; x_wconf 89' lang='lat' dir='ltr'><strong>clausam</strong></span> <span class='ocrx_word' id='word_1_187' title='bbox 1218 1262 1378 1298; x_wconf 84' lang='lat' dir='ltr'><strong>obsident</strong></span> <span class='ocrx_word' id='word_1_188' title='bbox 1403 1266 1438 1297; x_wconf 89' lang='lat' dir='ltr'><strong>et</strong></span> <span class='ocrx_word' id='word_1_189' title='bbox 1463 1262 1595 1298; x_wconf 89' lang='lat' dir='ltr'><strong>flebiles</strong></span> <span class='ocrx_word' id='word_1_190' title='bbox 1621 1262 1789 1297; x_wconf 87' lang='lat' dir='ltr'><strong>clamores</strong></span> 
     </span>
     <span class='ocr_line' id='line_1_21' title="bbox 121 1315 1789 1368; baseline 0.001 -12"><span class='ocrx_word' id='word_1_191' title='bbox 121 1322 340 1367; x_wconf 83' lang='lat' dir='ltr'><strong>gemitusque</strong></span> <span class='ocrx_word' id='word_1_192' title='bbox 367 1322 413 1356; x_wconf 86' lang='lat' dir='ltr'><strong>ad</strong></span> <span class='ocrx_word' id='word_1_193' title='bbox 454 1315 569 1357; x_wconf 87' lang='lat' dir='ltr'><strong>sidera</strong></span> <span class='ocrx_word' id='word_1_194' title='bbox 611 1322 782 1366; x_wconf 76' lang='lat' dir='ltr'><strong>tollentes,</strong></span> <span class='ocrx_word' id='word_1_195' title='bbox 824 1322 942 1357; x_wconf 88' lang='lat' dir='ltr'><strong>omnia</strong></span> <span class='ocrx_word' id='word_1_196' title='bbox 986 1321 1142 1357; x_wconf 90' lang='lat' dir='ltr'><strong>convicia</strong></span> <span class='ocrx_word' id='word_1_197' title='bbox 1184 1321 1374 1368; x_wconf 89' lang='lat' dir='ltr'><strong>patiuntur.</strong></span> <span class='ocrx_word' id='word_1_198' title='bbox 1418 1321 1564 1358; x_wconf 88' lang='lat' dir='ltr'><strong>Praeter</strong></span> <span class='ocrx_word' id='word_1_199' title='bbox 1609 1321 1789 1357; x_wconf 89' lang='lat' dir='ltr'><strong>libidinem</strong></span> 
     </span>
     <span class='ocr_line' id='line_1_22' title="bbox 124 1381 1787 1427; baseline 0 -11"><span class='ocrx_word' id='word_1_200' title='bbox 124 1385 334 1427; x_wconf 89' lang='lat' dir='ltr'><strong>propterque</strong></span> <span class='ocrx_word' id='word_1_201' title='bbox 361 1394 439 1416; x_wconf 85' lang='lat' dir='ltr'><strong>eam</strong></span> <span class='ocrx_word' id='word_1_202' title='bbox 466 1382 572 1416; x_wconf 87' lang='lat' dir='ltr'><strong>etiam</strong></span> <span class='ocrx_word' id='word_1_203' title='bbox 600 1382 711 1417; x_wconf 87' lang='lat' dir='ltr'><strong>altera</strong></span> <span class='ocrx_word' id='word_1_204' title='bbox 750 1382 923 1427; x_wconf 78' lang='lat' dir='ltr'><strong>cupiditas</strong></span> <span class='ocrx_word' id='word_1_205' title='bbox 962 1382 1122 1425; x_wconf 89' lang='lat' dir='ltr'><strong>exoritur,</strong></span> <span class='ocrx_word' id='word_1_206' title='bbox 1162 1381 1252 1416; x_wconf 89' lang='lat' dir='ltr'><strong>clam</strong></span> <span class='ocrx_word' id='word_1_207' title='bbox 1291 1385 1390 1427; x_wconf 88' lang='lat' dir='ltr'><strong>patre</strong></span> <span class='ocrx_word' id='word_1_208' title='bbox 1429 1393 1488 1416; x_wconf 89' lang='lat' dir='ltr'><strong>aes</strong></span> <span class='ocrx_word' id='word_1_209' title='bbox 1528 1381 1678 1416; x_wconf 87' lang='lat' dir='ltr'><strong>alienum</strong></span> <span class='ocrx_word' id='word_1_210' title='bbox 1706 1393 1787 1416; x_wconf 89' lang='lat' dir='ltr'><strong>con-</strong></span> 
     </span>
     <span class='ocr_line' id='line_1_23' title="bbox 121 1440 1791 1486; baseline 0.001 -12"><span class='ocrx_word' id='word_1_211' title='bbox 121 1440 238 1474; x_wconf 87' lang='lat' dir='ltr'><strong>flandi.</strong></span> <span class='ocrx_word' id='word_1_212' title='bbox 267 1462 312 1465; x_wconf 97' lang='lat'><strong>—</strong></span> <span class='ocrx_word' id='word_1_213' title='bbox 342 1440 432 1475; x_wconf 85' lang='lat' dir='ltr'><strong>Cum</strong></span> <span class='ocrx_word' id='word_1_214' title='bbox 460 1440 664 1476; x_wconf 87' lang='lat' dir='ltr'><strong>adulescens</strong></span> <span class='ocrx_word' id='word_1_215' title='bbox 692 1452 810 1476; x_wconf 86' lang='lat' dir='ltr'><strong>amare</strong></span> <span class='ocrx_word' id='word_1_216' title='bbox 837 1440 960 1486; x_wconf 87' lang='lat' dir='ltr'><strong>coepit,</strong></span> <span class='ocrx_word' id='word_1_217' title='bbox 988 1444 1107 1475; x_wconf 89' lang='lat' dir='ltr'><strong>amata</strong></span> <span class='ocrx_word' id='word_1_218' title='bbox 1133 1444 1250 1476; x_wconf 89' lang='lat' dir='ltr'><strong>autem</strong></span> <span class='ocrx_word' id='word_1_219' title='bbox 1277 1440 1440 1476; x_wconf 90' lang='lat' dir='ltr'><strong>meretrix</strong></span> <span class='ocrx_word' id='word_1_220' title='bbox 1466 1444 1528 1484; x_wconf 89' lang='lat' dir='ltr'><strong>est,</strong></span> <span class='ocrx_word' id='word_1_221' title='bbox 1561 1440 1638 1476; x_wconf 90' lang='lat' dir='ltr'><strong>luce</strong></span> <span class='ocrx_word' id='word_1_222' title='bbox 1664 1440 1791 1476; x_wconf 83' lang='lat' dir='ltr'><strong>clarius</strong></span> 
     </span>
     <span class='ocr_line' id='line_1_24' title="bbox 123 1499 1792 1546; baseline 0 -12"><span class='ocrx_word' id='word_1_223' title='bbox 123 1503 185 1543; x_wconf 89' lang='lat' dir='ltr'><strong>est,</strong></span> <span class='ocrx_word' id='word_1_224' title='bbox 211 1499 347 1535; x_wconf 88' lang='lat' dir='ltr'><strong>tamdiu</strong></span> <span class='ocrx_word' id='word_1_225' title='bbox 387 1511 551 1543; x_wconf 86' lang='lat' dir='ltr'><strong>amorem,</strong></span> <span class='ocrx_word' id='word_1_226' title='bbox 591 1500 759 1545; x_wconf 87' lang='lat' dir='ltr'><strong>quamdiu</strong></span> <span class='ocrx_word' id='word_1_227' title='bbox 798 1501 948 1546; x_wconf 86' lang='lat' dir='ltr'><strong>pecunia</strong></span> <span class='ocrx_word' id='word_1_228' title='bbox 987 1500 1137 1535; x_wconf 85' lang='lat' dir='ltr'><strong>tenuerit</strong></span> <span class='ocrx_word' id='word_1_229' title='bbox 1154 1500 1204 1544; x_wconf 61' lang='grc' dir='ltr'><strong>ι1),</strong></span> <span class='ocrx_word' id='word_1_230' title='bbox 1243 1500 1371 1546; x_wconf 90' lang='lat' dir='ltr'><strong>copiosi</strong></span> <span class='ocrx_word' id='word_1_231' title='bbox 1398 1499 1491 1535; x_wconf 90' lang='lat' dir='ltr'><strong>floris</strong></span> <span class='ocrx_word' id='word_1_232' title='bbox 1527 1499 1681 1535; x_wconf 88' lang='lat' dir='ltr'><strong>futurum</strong></span> <span class='ocrx_word' id='word_1_233' title='bbox 1708 1512 1792 1535; x_wconf 85' lang='lat' dir='ltr'><strong>esse.</strong></span> 
     </span>
     <span class='ocr_line' id='line_1_25' title="bbox 123 1556 1792 1605; baseline 0.001 -13"><span class='ocrx_word' id='word_1_234' title='bbox 123 1558 223 1593; x_wconf 90' lang='lat' dir='ltr'><strong>Nihil</strong></span> <span class='ocrx_word' id='word_1_235' title='bbox 251 1559 357 1604; x_wconf 87' lang='lat' dir='ltr'><strong>igitur</strong></span> <span class='ocrx_word' id='word_1_236' title='bbox 381 1559 599 1604; x_wconf 88' lang='lat' dir='ltr'><strong>inexpertum</strong></span> <span class='ocrx_word' id='word_1_237' title='bbox 641 1560 821 1604; x_wconf 88' lang='lat' dir='ltr'><strong>omittitur,</strong></span> <span class='ocrx_word' id='word_1_238' title='bbox 862 1559 960 1595; x_wconf 90' lang='lat' dir='ltr'><strong>nulla</strong></span> <span class='ocrx_word' id='word_1_239' title='bbox 1000 1571 1063 1603; x_wconf 82' lang='lat' dir='ltr'><strong>res,</strong></span> <span class='ocrx_word' id='word_1_240' title='bbox 1104 1571 1147 1594; x_wconf 94' lang='lat' dir='ltr'><strong>ne</strong></span> <span class='ocrx_word' id='word_1_241' title='bbox 1188 1559 1387 1595; x_wconf 88' lang='lat' dir='ltr'><strong>foedissima</strong></span> <span class='ocrx_word' id='word_1_242' title='bbox 1424 1559 1564 1605; x_wconf 89' lang='lat' dir='ltr'><strong>quidem</strong></span> <span class='ocrx_word' id='word_1_243' title='bbox 1583 1556 1585 1558; x_wconf 61' lang='grc'><strong>’</strong></span> <span class='ocrx_word' id='word_1_244' title='bbox 1605 1562 1792 1603; x_wconf 86' lang='lat' dir='ltr'><strong>recusatur,</strong></span> 
     </span>
     <span class='ocr_line' id='line_1_26' title="bbox 124 1618 1794 1665; baseline -0.001 -11"><span class='ocrx_word' id='word_1_245' title='bbox 124 1618 312 1654; x_wconf 86' lang='lat' dir='ltr'><strong>dummodo</strong></span> <span class='ocrx_word' id='word_1_246' title='bbox 338 1630 437 1654; x_wconf 88' lang='lat' dir='ltr'><strong>amor</strong></span> <span class='ocrx_word' id='word_1_247' title='bbox 463 1619 595 1662; x_wconf 84' lang='lat' dir='ltr'><strong>amicae</strong></span> <span class='ocrx_word' id='word_1_248' title='bbox 621 1620 656 1654; x_wconf 91' lang='lat' dir='ltr'><strong>in</strong></span> <span class='ocrx_word' id='word_1_249' title='bbox 684 1623 759 1655; x_wconf 88' lang='lat' dir='ltr'><strong>tuto</strong></span> <span class='ocrx_word' id='word_1_250' title='bbox 785 1619 981 1655; x_wconf 89' lang='lat' dir='ltr'><strong>collocetur.</strong></span> <span class='ocrx_word' id='word_1_251' title='bbox 1022 1619 1072 1654; x_wconf 89' lang='lat' dir='ltr'><strong>Ut</strong></span> <span class='ocrx_word' id='word_1_252' title='bbox 1109 1619 1280 1665; x_wconf 86' lang='lat' dir='ltr'><strong>trapezita</strong></span> <span class='ocrx_word' id='word_1_253' title='bbox 1306 1619 1430 1664; x_wconf 88' lang='lat' dir='ltr'><strong>grandi</strong></span> <span class='ocrx_word' id='word_1_254' title='bbox 1456 1618 1573 1654; x_wconf 88' lang='lat' dir='ltr'><strong>fenore</strong></span> <span class='ocrx_word' id='word_1_255' title='bbox 1612 1618 1794 1664; x_wconf 87' lang='lat' dir='ltr'><strong>occupavit</strong></span> 
     </span>
     <span class='ocr_line' id='line_1_27' title="bbox 123 1677 1791 1725; baseline -0.001 -12"><span class='ocrx_word' id='word_1_256' title='bbox 123 1679 316 1724; x_wconf 87' lang='lat' dir='ltr'><strong>pecuniam,</strong></span> <span class='ocrx_word' id='word_1_257' title='bbox 343 1679 396 1713; x_wconf 91' lang='lat' dir='ltr'><strong>vel</strong></span> <span class='ocrx_word' id='word_1_258' title='bbox 422 1679 602 1715; x_wconf 86' lang='lat' dir='ltr'><strong>familiaris</strong></span> <span class='ocrx_word' id='word_1_259' title='bbox 628 1680 771 1724; x_wconf 85' lang='lat' dir='ltr'><strong>quidam</strong></span> <span class='ocrx_word' id='word_1_260' title='bbox 798 1679 907 1725; x_wconf 88' lang='lat' dir='ltr'><strong>patris</strong></span> <span class='ocrx_word' id='word_1_261' title='bbox 925 1691 967 1713; x_wconf 89' lang='lat' dir='ltr'><strong>ea</strong></span> <span class='ocrx_word' id='word_1_262' title='bbox 985 1678 1166 1714; x_wconf 85' lang='lat' dir='ltr'><strong>fraudatus</strong></span> <span class='ocrx_word' id='word_1_263' title='bbox 1184 1682 1245 1722; x_wconf 69' lang='lat' dir='ltr'><strong>est,</strong></span> <span class='ocrx_word' id='word_1_264' title='bbox 1264 1678 1403 1713; x_wconf 88' lang='lat' dir='ltr'><strong>eosdem</strong></span> <span class='ocrx_word' id='word_1_265' title='bbox 1422 1677 1524 1713; x_wconf 89' lang='lat' dir='ltr'><strong>modo</strong></span> <span class='ocrx_word' id='word_1_266' title='bbox 1542 1678 1791 1713; x_wconf 87' lang='lat' dir='ltr'><strong>commissatio-</strong></span> 
     </span>
     <span class='ocr_line' id='line_1_28' title="bbox 124 1736 1791 1784; baseline 0 -13"><span class='ocrx_word' id='word_1_267' title='bbox 124 1736 225 1771; x_wconf 87' lang='lat' dir='ltr'><strong>nibus</strong></span> <span class='ocrx_word' id='word_1_268' title='bbox 251 1737 479 1772; x_wconf 86' lang='lat' dir='ltr'><strong>commeditur</strong></span> <span class='ocrx_word' id='word_1_269' title='bbox 505 1750 583 1773; x_wconf 89' lang='lat' dir='ltr'><strong>cum</strong></span> <span class='ocrx_word' id='word_1_270' title='bbox 611 1738 847 1773; x_wconf 85' lang='lat' dir='ltr'><strong>meretricibus</strong></span> <span class='ocrx_word' id='word_1_271' title='bbox 874 1737 1092 1784; x_wconf 84' lang='lat' dir='ltr'><strong>profunditur</strong></span> <span class='ocrx_word' id='word_1_272' title='bbox 1117 1741 1157 1773; x_wconf 92' lang='lat' dir='ltr'><strong>ut</strong></span> <span class='ocrx_word' id='word_1_273' title='bbox 1182 1741 1323 1784; x_wconf 87' lang='lat' dir='ltr'><strong>sumpta</strong></span> <span class='ocrx_word' id='word_1_274' title='bbox 1349 1741 1411 1782; x_wconf 89' lang='lat' dir='ltr'><strong>est,</strong></span> <span class='ocrx_word' id='word_1_275' title='bbox 1433 1737 1524 1773; x_wconf 88' lang='lat' dir='ltr'><strong>male</strong></span> <span class='ocrx_word' id='word_1_276' title='bbox 1570 1737 1662 1772; x_wconf 90' lang='lat' dir='ltr'><strong>enim</strong></span> <span class='ocrx_word' id='word_1_277' title='bbox 1689 1739 1791 1783; x_wconf 87' lang='lat' dir='ltr'><strong>parta</strong></span> 
     </span>
     <span class='ocr_line' id='line_1_29' title="bbox 124 1796 453 1833; baseline 0.003 -2"><span class='ocrx_word' id='word_1_278' title='bbox 124 1796 216 1832; x_wconf 87' lang='lat' dir='ltr'><strong>male</strong></span> <span class='ocrx_word' id='word_1_279' title='bbox 242 1796 453 1833; x_wconf 86' lang='lat' dir='ltr'><strong>dilabuntur.</strong></span> 
     </span>
    </p>

    <p class='ocr_par' dir='ltr' id='par_1_7' title="bbox 126 1855 1792 2080">
     <span class='ocr_line' id='line_1_30' title="bbox 246 1855 1791 1902; baseline 0 -11"><span class='ocrx_word' id='word_1_280' title='bbox 246 1855 310 1891; x_wconf 85' lang='lat' dir='ltr'><strong>Sin</strong></span> <span class='ocrx_word' id='word_1_281' title='bbox 337 1860 475 1901; x_wconf 82' lang='lat' dir='ltr'><strong>tempus</strong></span> <span class='ocrx_word' id='word_1_282' title='bbox 502 1857 611 1900; x_wconf 87' lang='lat' dir='ltr'><strong>adest,</strong></span> <span class='ocrx_word' id='word_1_283' title='bbox 638 1868 707 1902; x_wconf 92' lang='lat' dir='ltr'><strong>quo</strong></span> <span class='ocrx_word' id='word_1_284' title='bbox 734 1856 803 1891; x_wconf 83' lang='lat' dir='ltr'><strong>doli</strong></span> <span class='ocrx_word' id='word_1_285' title='bbox 831 1860 936 1902; x_wconf 88' lang='lat' dir='ltr'><strong>atque</strong></span> <span class='ocrx_word' id='word_1_286' title='bbox 975 1856 1122 1891; x_wconf 82' lang='lat' dir='ltr'><strong>insidiae</strong></span> <span class='ocrx_word' id='word_1_287' title='bbox 1162 1859 1356 1902; x_wconf 86' lang='lat' dir='ltr'><strong>patescunt,</strong></span> <span class='ocrx_word' id='word_1_288' title='bbox 1382 1856 1410 1891; x_wconf 90' lang='lat' dir='ltr'><strong>si</strong></span> <span class='ocrx_word' id='word_1_289' title='bbox 1437 1855 1577 1891; x_wconf 87' lang='lat' dir='ltr'><strong>danista</strong></span> <span class='ocrx_word' id='word_1_290' title='bbox 1605 1855 1791 1891; x_wconf 87' lang='lat' dir='ltr'><strong>accerrime</strong></span> 
     </span>
     <span class='ocr_line' id='line_1_31' title="bbox 127 1914 1792 1961; baseline 0 -11"><span class='ocrx_word' id='word_1_291' title='bbox 127 1918 163 1950; x_wconf 91' lang='lat' dir='ltr'><strong>et</strong></span> <span class='ocrx_word' id='word_1_292' title='bbox 189 1914 334 1950; x_wconf 87' lang='lat' dir='ltr'><strong>adsidue</strong></span> <span class='ocrx_word' id='word_1_293' title='bbox 361 1914 498 1961; x_wconf 86' lang='lat' dir='ltr'><strong>flagitat</strong></span> <span class='ocrx_word' id='word_1_294' title='bbox 516 1916 567 1960; x_wconf 77' lang='lat'><strong>¹²),</strong></span> <span class='ocrx_word' id='word_1_295' title='bbox 607 1920 679 1952; x_wconf 88' lang='lat' dir='ltr'><strong>tum</strong></span> <span class='ocrx_word' id='word_1_296' title='bbox 721 1916 817 1960; x_wconf 89' lang='lat' dir='ltr'><strong>alios,</strong></span> <span class='ocrx_word' id='word_1_297' title='bbox 844 1916 974 1951; x_wconf 81' lang='lat' dir='ltr'><strong>scilicet</strong></span> <span class='ocrx_word' id='word_1_298' title='bbox 1012 1916 1101 1951; x_wconf 90' lang='lat' dir='ltr'><strong>bene</strong></span> <span class='ocrx_word' id='word_1_299' title='bbox 1142 1919 1295 1951; x_wconf 88' lang='lat' dir='ltr'><strong>moratos</strong></span> <span class='ocrx_word' id='word_1_300' title='bbox 1336 1915 1514 1961; x_wconf 87' lang='lat' dir='ltr'><strong>paenitere</strong></span> <span class='ocrx_word' id='word_1_301' title='bbox 1557 1915 1670 1961; x_wconf 90' lang='lat' dir='ltr'><strong>coepit</strong></span> <span class='ocrx_word' id='word_1_302' title='bbox 1711 1918 1792 1950; x_wconf 87' lang='lat' dir='ltr'><strong>ante</strong></span> 
     </span>
     <span class='ocr_line' id='line_1_32' title="bbox 127 1973 1788 2020; baseline -0.001 -11"><span class='ocrx_word' id='word_1_303' title='bbox 127 1975 262 2020; x_wconf 89' lang='lat' dir='ltr'><strong>impure</strong></span> <span class='ocrx_word' id='word_1_304' title='bbox 288 1979 388 2009; x_wconf 87' lang='lat' dir='ltr'><strong>actae</strong></span> <span class='ocrx_word' id='word_1_305' title='bbox 415 1975 516 2014; x_wconf 85' lang='lat' dir='ltr'><strong>vitae,</strong></span> <span class='ocrx_word' id='word_1_306' title='bbox 543 1975 602 2010; x_wconf 90' lang='lat' dir='ltr'><strong>alii</strong></span> <span class='ocrx_word' id='word_1_307' title='bbox 629 1979 757 2018; x_wconf 81' lang='lat' dir='ltr'><strong>autem,</strong></span> <span class='ocrx_word' id='word_1_308' title='bbox 784 1975 958 2020; x_wconf 90' lang='lat' dir='ltr'><strong>iidemque</strong></span> <span class='ocrx_word' id='word_1_309' title='bbox 985 1975 1124 2020; x_wconf 86' lang='lat' dir='ltr'><strong>plurimi</strong></span> <span class='ocrx_word' id='word_1_310' title='bbox 1151 1975 1184 2009; x_wconf 90' lang='lat' dir='ltr'><strong>in</strong></span> <span class='ocrx_word' id='word_1_311' title='bbox 1214 1986 1321 2009; x_wconf 88' lang='lat' dir='ltr'><strong>novas</strong></span> <span class='ocrx_word' id='word_1_312' title='bbox 1346 1974 1495 2018; x_wconf 84' lang='lat' dir='ltr'><strong>fraudes,</strong></span> <span class='ocrx_word' id='word_1_313' title='bbox 1535 1985 1622 2019; x_wconf 86' lang='lat' dir='ltr'><strong>quas</strong></span> <span class='ocrx_word' id='word_1_314' title='bbox 1647 1973 1788 2009; x_wconf 83' lang='lat' dir='ltr'><strong>fraudu-</strong></span> 
     </span>
     <span class='ocr_line' id='line_1_33' title="bbox 126 2033 1509 2080; baseline 0 -12"><span class='ocrx_word' id='word_1_315' title='bbox 126 2033 212 2068; x_wconf 86' lang='lat' dir='ltr'><strong>lenti</strong></span> <span class='ocrx_word' id='word_1_316' title='bbox 238 2033 325 2068; x_wconf 89' lang='lat' dir='ltr'><strong>servi</strong></span> <span class='ocrx_word' id='word_1_317' title='bbox 352 2034 405 2068; x_wconf 88' lang='lat' dir='ltr'><strong>vel</strong></span> <span class='ocrx_word' id='word_1_318' title='bbox 433 2034 524 2069; x_wconf 90' lang='lat' dir='ltr'><strong>leves</strong></span> <span class='ocrx_word' id='word_1_319' title='bbox 551 2035 633 2070; x_wconf 92' lang='lat' dir='ltr'><strong>socii</strong></span> <span class='ocrx_word' id='word_1_320' title='bbox 661 2034 798 2070; x_wconf 90' lang='lat' dir='ltr'><strong>sceleris</strong></span> <span class='ocrx_word' id='word_1_321' title='bbox 824 2035 1033 2080; x_wconf 86' lang='lat' dir='ltr'><strong>excogitant,</strong></span> <span class='ocrx_word' id='word_1_322' title='bbox 1060 2038 1190 2070; x_wconf 90' lang='lat' dir='ltr'><strong>temere</strong></span> <span class='ocrx_word' id='word_1_323' title='bbox 1217 2046 1253 2069; x_wconf 91' lang='lat' dir='ltr'><strong>se</strong></span> <span class='ocrx_word' id='word_1_324' title='bbox 1280 2033 1509 2069; x_wconf 88' lang='lat' dir='ltr'><strong>committunt.</strong></span> 
     </span>
    </p>
   </div>
   <div class='ocr_carea' id='block_1_4' title="bbox 128 2101 1795 2506">
    <p class='ocr_par' dir='ltr' id='par_1_8' title="bbox 128 2101 1793 2205">
     <span class='ocr_line' id='line_1_34' title="bbox 247 2101 1793 2149; baseline -0.001 -12"><span class='ocrx_word' id='word_1_325' title='bbox 247 2103 419 2148; x_wconf 88' lang='lat' dir='ltr'><strong>Perpauci</strong></span> <span class='ocrx_word' id='word_1_326' title='bbox 446 2105 603 2148; x_wconf 86' lang='lat' dir='ltr'><strong>quamvis</strong></span> <span class='ocrx_word' id='word_1_327' title='bbox 629 2104 892 2149; x_wconf 85' lang='lat' dir='ltr'><strong>indignantibus</strong></span> <span class='ocrx_word' id='word_1_328' title='bbox 919 2105 1025 2138; x_wconf 88' lang='lat' dir='ltr'><strong>servis</strong></span> <span class='ocrx_word' id='word_1_329' title='bbox 1052 2103 1279 2146; x_wconf 69' lang='lat' dir='ltr'><strong>adiutoribus,</strong></span> <span class='ocrx_word' id='word_1_330' title='bbox 1296 2103 1355 2148; x_wconf 94' lang='lat' dir='ltr'><strong>qui</strong></span> <span class='ocrx_word' id='word_1_331' title='bbox 1374 2102 1507 2137; x_wconf 88' lang='lat' dir='ltr'><strong>ebrium</strong></span> <span class='ocrx_word' id='word_1_332' title='bbox 1534 2101 1793 2137; x_wconf 88' lang='lat' dir='ltr'><strong>adulescentem</strong></span> 
     </span>
     <span class='ocr_line' id='line_1_35' title="bbox 128 2162 873 2205; baseline 0.003 -9"><span class='ocrx_word' id='word_1_333' title='bbox 128 2173 197 2197; x_wconf 90' lang='lat' dir='ltr'><strong>non</strong></span> <span class='ocrx_word' id='word_1_334' title='bbox 226 2165 348 2196; x_wconf 88' lang='lat' dir='ltr'><strong>amant</strong></span> <span class='ocrx_word' id='word_1_335' title='bbox 364 2162 405 2205; x_wconf 75' lang='lat'><strong>¹⁴)</strong></span> <span class='ocrx_word' id='word_1_336' title='bbox 432 2162 476 2197; x_wconf 82' lang='lat' dir='ltr'><strong>ad</strong></span> <span class='ocrx_word' id='word_1_337' title='bbox 504 2163 690 2198; x_wconf 86' lang='lat' dir='ltr'><strong>sanitatem</strong></span> <span class='ocrx_word' id='word_1_338' title='bbox 717 2163 873 2198; x_wconf 88' lang='lat' dir='ltr'><strong>redeunt.</strong></span> 
     </span>
    </p>

    <p class='ocr_par' dir='ltr' id='par_1_9' title="bbox 129 2220 1795 2506">
     <span class='ocr_line' id='line_1_36' title="bbox 249 2220 1792 2267; baseline -0.001 -10"><span class='ocrx_word' id='word_1_339' title='bbox 249 2220 338 2257; x_wconf 87' lang='lat' dir='ltr'><strong>Cum</strong></span> <span class='ocrx_word' id='word_1_340' title='bbox 368 2221 518 2256; x_wconf 87' lang='lat' dir='ltr'><strong>Plautus</strong></span> <span class='ocrx_word' id='word_1_341' title='bbox 544 2222 611 2256; x_wconf 86' lang='lat' dir='ltr'><strong>hac</strong></span> <span class='ocrx_word' id='word_1_342' title='bbox 638 2234 679 2256; x_wconf 86' lang='lat' dir='ltr'><strong>ex</strong></span> <span class='ocrx_word' id='word_1_343' title='bbox 706 2226 804 2267; x_wconf 86' lang='lat' dir='ltr'><strong>parte</strong></span> <span class='ocrx_word' id='word_1_344' title='bbox 831 2235 951 2257; x_wconf 85' lang='lat' dir='ltr'><strong>omnes</strong></span> <span class='ocrx_word' id='word_1_345' title='bbox 978 2222 1234 2257; x_wconf 87' lang='lat' dir='ltr'><strong>imbecillitates</strong></span> <span class='ocrx_word' id='word_1_346' title='bbox 1261 2221 1535 2257; x_wconf 88' lang='lat' dir='ltr'><strong>adulescentium</strong></span> <span class='ocrx_word' id='word_1_347' title='bbox 1553 2221 1589 2256; x_wconf 90' lang='lat' dir='ltr'><strong>in</strong></span> <span class='ocrx_word' id='word_1_348' title='bbox 1605 2220 1792 2256; x_wconf 85' lang='lat' dir='ltr'><strong>ludibrium</strong></span> 
     </span>
     <span class='ocr_line' id='line_1_37' title="bbox 129 2280 1794 2327; baseline -0.001 -11"><span class='ocrx_word' id='word_1_349' title='bbox 129 2284 251 2325; x_wconf 88' lang='lat' dir='ltr'><strong>vertat,</strong></span> <span class='ocrx_word' id='word_1_350' title='bbox 278 2280 392 2316; x_wconf 86' lang='lat' dir='ltr'><strong>facere</strong></span> <span class='ocrx_word' id='word_1_351' title='bbox 419 2293 488 2316; x_wconf 90' lang='lat' dir='ltr'><strong>non</strong></span> <span class='ocrx_word' id='word_1_352' title='bbox 515 2282 638 2327; x_wconf 80' lang='lat' dir='ltr'><strong>potuit,</strong></span> <span class='ocrx_word' id='word_1_353' title='bbox 666 2282 748 2327; x_wconf 90' lang='lat' dir='ltr'><strong>quin</strong></span> <span class='ocrx_word' id='word_1_354' title='bbox 778 2282 882 2317; x_wconf 86' lang='lat' dir='ltr'><strong>etiam</strong></span> <span class='ocrx_word' id='word_1_355' title='bbox 909 2282 1052 2317; x_wconf 87' lang='lat' dir='ltr'><strong>vi1tutes</strong></span> <span class='ocrx_word' id='word_1_356' title='bbox 1092 2294 1210 2317; x_wconf 87' lang='lat' dir='ltr'><strong>eorum</strong></span> <span class='ocrx_word' id='word_1_357' title='bbox 1250 2285 1396 2317; x_wconf 88' lang='lat' dir='ltr'><strong>notaret.</strong></span> <span class='ocrx_word' id='word_1_358' title='bbox 1436 2281 1562 2327; x_wconf 90' lang='lat' dir='ltr'><strong>Itaque</strong></span> <span class='ocrx_word' id='word_1_359' title='bbox 1600 2280 1794 2316; x_wconf 89' lang='lat' dir='ltr'><strong>invenimus</strong></span> 
     </span>
     <span class='ocr_line' id='line_1_38' title="bbox 130 2339 1795 2387; baseline -0.001 -11"><span class='ocrx_word' id='word_1_360' title='bbox 130 2340 315 2376; x_wconf 80' lang='lat' dir='ltr'><strong>nonnullas</strong></span> <span class='ocrx_word' id='word_1_361' title='bbox 355 2353 521 2386; x_wconf 86' lang='lat' dir='ltr'><strong>personas</strong></span> <span class='ocrx_word' id='word_1_362' title='bbox 548 2342 679 2387; x_wconf 89' lang='lat' dir='ltr'><strong>optimo</strong></span> <span class='ocrx_word' id='word_1_363' title='bbox 707 2342 847 2386; x_wconf 88' lang='lat' dir='ltr'><strong>ingenio</strong></span> <span class='ocrx_word' id='word_1_364' title='bbox 874 2341 1060 2386; x_wconf 86' lang='lat' dir='ltr'><strong>praeditas,</strong></span> <span class='ocrx_word' id='word_1_365' title='bbox 1088 2341 1194 2376; x_wconf 92' lang='lat' dir='ltr'><strong>nobili</strong></span> <span class='ocrx_word' id='word_1_366' title='bbox 1221 2353 1263 2375; x_wconf 86' lang='lat' dir='ltr'><strong>ac</strong></span> <span class='ocrx_word' id='word_1_367' title='bbox 1288 2340 1419 2376; x_wconf 88' lang='lat' dir='ltr'><strong>fervido</strong></span> <span class='ocrx_word' id='word_1_368' title='bbox 1441 2341 1566 2384; x_wconf 91' lang='lat' dir='ltr'><strong>animo,</strong></span> <span class='ocrx_word' id='word_1_369' title='bbox 1592 2339 1795 2375; x_wconf 84' lang='lat' dir='ltr'><strong>fidelissima</strong></span> 
     </span>
     <span class='ocr_line' id='line_1_39' title="bbox 129 2399 1795 2447; baseline -0.001 -12"><span class='ocrx_word' id='word_1_370' title='bbox 129 2400 292 2444; x_wconf 85' lang='lat' dir='ltr'><strong>amicitia,</strong></span> <span class='ocrx_word' id='word_1_371' title='bbox 311 2399 634 2436; x_wconf 86' lang='lat' dir='ltr'><strong>observantissimas</strong></span> <span class='ocrx_word' id='word_1_372' title='bbox 661 2404 855 2447; x_wconf 81' lang='lat' dir='ltr'><strong>parentum,</strong></span> <span class='ocrx_word' id='word_1_373' title='bbox 874 2400 1125 2446; x_wconf 88' lang='lat' dir='ltr'><strong>pudentissimo</strong></span> <span class='ocrx_word' id='word_1_374' title='bbox 1152 2412 1268 2436; x_wconf 88' lang='lat' dir='ltr'><strong>amore</strong></span> <span class='ocrx_word' id='word_1_375' title='bbox 1286 2412 1369 2446; x_wconf 85' lang='lat' dir='ltr'><strong>erga</strong></span> <span class='ocrx_word' id='word_1_376' title='bbox 1384 2400 1542 2436; x_wconf 87' lang='lat' dir='ltr'><strong>amicam.</strong></span> <span class='ocrx_word' id='word_1_377' title='bbox 1570 2399 1675 2435; x_wconf 91' lang='lat' dir='ltr'><strong>Adde</strong></span> <span class='ocrx_word' id='word_1_378' title='bbox 1701 2399 1795 2445; x_wconf 91' lang='lat' dir='ltr'><strong>quod</strong></span> 
     </span>
     <span class='ocr_line' id='line_1_40' title="bbox 130 2459 1792 2506; baseline -0.002 -11"><span class='ocrx_word' id='word_1_379' title='bbox 130 2464 235 2505; x_wconf 76' lang='lat' dir='ltr'><strong>poeta</strong></span> <span class='ocrx_word' id='word_1_380' title='bbox 265 2460 485 2505; x_wconf 86' lang='lat' dir='ltr'><strong>confligendo</strong></span> <span class='ocrx_word' id='word_1_381' title='bbox 511 2461 621 2506; x_wconf 90' lang='lat' dir='ltr'><strong>proba</strong></span> <span class='ocrx_word' id='word_1_382' title='bbox 647 2473 725 2496; x_wconf 89' lang='lat' dir='ltr'><strong>cum</strong></span> <span class='ocrx_word' id='word_1_383' title='bbox 753 2460 918 2506; x_wconf 85' lang='lat' dir='ltr'><strong>improbis</strong></span> <span class='ocrx_word' id='word_1_384' title='bbox 945 2460 1061 2502; x_wconf 80' lang='lat' dir='ltr'><strong>eflicit,</strong></span> <span class='ocrx_word' id='word_1_385' title='bbox 1078 2463 1117 2494; x_wconf 92' lang='lat' dir='ltr'><strong>ut</strong></span> <span class='ocrx_word' id='word_1_386' title='bbox 1134 2460 1397 2505; x_wconf 82' lang='lat' dir='ltr'><strong>depravatorum</strong></span> <span class='ocrx_word' id='word_1_387' title='bbox 1427 2459 1701 2495; x_wconf 88' lang='lat' dir='ltr'><strong>adulescentium</strong></span> <span class='ocrx_word' id='word_1_388' title='bbox 1723 2470 1792 2493; x_wconf 91' lang='lat' dir='ltr'><strong>non</strong></span> 
     </span>
    </p>
   </div>
   <div class='ocr_carea' id='block_1_5' title="bbox 130 2517 1790 2616">
    <p class='ocr_par' dir='ltr' id='par_1_10' title="bbox 130 2517 1790 2616">
     <span class='ocr_line' id='line_1_41' title="bbox 130 2517 1790 2565; baseline -0.001 -12"><span class='ocrx_word' id='word_1_389' title='bbox 130 2519 243 2564; x_wconf 84' lang='lat' dir='ltr'><strong>magis</strong></span> <span class='ocrx_word' id='word_1_390' title='bbox 269 2519 435 2554; x_wconf 86' lang='lat' dir='ltr'><strong>misereat</strong></span> <span class='ocrx_word' id='word_1_391' title='bbox 460 2531 565 2565; x_wconf 83' lang='lat' dir='ltr'><strong>quam</strong></span> <span class='ocrx_word' id='word_1_392' title='bbox 593 2519 743 2564; x_wconf 85' lang='lat' dir='ltr'><strong>taedeat,</strong></span> <span class='ocrx_word' id='word_1_393' title='bbox 770 2520 804 2554; x_wconf 90' lang='lat' dir='ltr'><strong>in</strong></span> <span class='ocrx_word' id='word_1_394' title='bbox 833 2519 1002 2554; x_wconf 88' lang='lat' dir='ltr'><strong>bonorum</strong></span> <span class='ocrx_word' id='word_1_395' title='bbox 1033 2522 1148 2554; x_wconf 86' lang='lat' dir='ltr'><strong>autem</strong></span> <span class='ocrx_word' id='word_1_396' title='bbox 1188 2531 1309 2564; x_wconf 86' lang='lat' dir='ltr'><strong>mores,</strong></span> <span class='ocrx_word' id='word_1_397' title='bbox 1348 2519 1442 2555; x_wconf 90' lang='lat' dir='ltr'><strong>velut</strong></span> <span class='ocrx_word' id='word_1_398' title='bbox 1480 2519 1651 2555; x_wconf 91' lang='lat' dir='ltr'><strong>luminum</strong></span> <span class='ocrx_word' id='word_1_399' title='bbox 1677 2517 1790 2564; x_wconf 91' lang='lat' dir='ltr'><strong>probi—</strong></span> 
     </span>
     <span class='ocr_line' id='line_1_42' title="bbox 130 2580 822 2616; baseline 0 -1"><span class='ocrx_word' id='word_1_400' title='bbox 130 2580 212 2615; x_wconf 76' lang='lat' dir='ltr'><strong>tatis</strong></span> <span class='ocrx_word' id='word_1_401' title='bbox 239 2584 274 2615; x_wconf 85' lang='lat' dir='ltr'><strong>et</strong></span> <span class='ocrx_word' id='word_1_402' title='bbox 300 2580 435 2615; x_wconf 87' lang='lat' dir='ltr'><strong>virtutis</strong></span> <span class='ocrx_word' id='word_1_403' title='bbox 462 2592 581 2616; x_wconf 84' lang='lat' dir='ltr'><strong>omnes</strong></span> <span class='ocrx_word' id='word_1_404' title='bbox 603 2593 639 2615; x_wconf 79' lang='lat' dir='ltr'><strong>se</strong></span> <span class='ocrx_word' id='word_1_405' title='bbox 665 2581 822 2615; x_wconf 85' lang='lat' dir='ltr'><strong>forment.</strong></span> 
     </span>
    </p>
   </div>
   <div class='ocr_carea' id='block_1_6' title="bbox 250 2688 978 2727">
    <p class='ocr_par' dir='ltr' id='par_1_11' title="bbox 250 2688 978 2727">
     <span class='ocr_line' id='line_1_43' title="bbox 250 2688 978 2727; baseline 0 -10"><span class='ocrx_word' id='word_1_406' title='bbox 250 2689 273 2721; x_wconf 74' lang='lat'><strong>⁵)</strong></span> <span class='ocrx_word' id='word_1_407' title='bbox 295 2688 416 2724; x_wconf 68' lang='lat' dir='ltr'><strong>Egomet</strong></span> <span class='ocrx_word' id='word_1_408' title='bbox 437 2698 481 2717; x_wconf 72' lang='lat' dir='ltr'><strong>me</strong></span> <span class='ocrx_word' id='word_1_409' title='bbox 502 2699 592 2727; x_wconf 72' lang='lat' dir='ltr'><strong>eoquo</strong></span> <span class='ocrx_word' id='word_1_410' title='bbox 613 2692 644 2718; x_wconf 78' lang='lat' dir='ltr'><strong>at</strong></span> <span class='ocrx_word' id='word_1_411' title='bbox 666 2699 775 2718; x_wconf 63' lang='lat' dir='ltr'><strong>mamre</strong></span> <span class='ocrx_word' id='word_1_412' title='bbox 795 2691 824 2717; x_wconf 65' lang='lat' dir='ltr'><strong>vt</strong></span> <span class='ocrx_word' id='word_1_413' title='bbox 847 2688 978 2725; x_wconf 67' lang='lat' dir='ltr'><strong>defetigo.</strong></span> 
     </span>
    </p>
   </div>
   <div class='ocr_carea' id='block_1_7' title="bbox 133 2725 1793 2805">
    <p class='ocr_par' dir='ltr' id='par_1_12' title="bbox 133 2725 1793 2805">
     <span class='ocr_line' id='line_1_44' title="bbox 250 2725 1793 2766; baseline -0.003 -8"><span class='ocrx_word' id='word_1_414' title='bbox 250 2729 274 2758; x_wconf 67' lang='grc' dir='ltr'><strong>ὓ)</strong></span> <span class='ocrx_word' id='word_1_415' title='bbox 295 2728 390 2757; x_wconf 70' lang='lat' dir='ltr'><strong>Iactor</strong></span> <span class='ocrx_word' id='word_1_416' title='bbox 410 2729 518 2757; x_wconf 69' lang='lat' dir='ltr'><strong>crucior</strong></span> <span class='ocrx_word' id='word_1_417' title='bbox 538 2729 632 2766; x_wconf 62' lang='lat' dir='ltr'><strong>agitor</strong></span> <span class='ocrx_word' id='word_1_418' title='bbox 653 2729 792 2758; x_wconf 77' lang='lat' dir='ltr'><strong>stimulor.</strong></span> <span class='ocrx_word' id='word_1_419' title='bbox 836 2738 930 2757; x_wconf 76' lang='lat' dir='ltr'><strong>versor</strong></span> <span class='ocrx_word' id='word_1_420' title='bbox 958 2729 985 2756; x_wconf 90' lang='lat' dir='ltr'><strong>in</strong></span> <span class='ocrx_word' id='word_1_421' title='bbox 1017 2728 1122 2756; x_wconf 82' lang='lat' dir='ltr'><strong>amoris</strong></span> <span class='ocrx_word' id='word_1_422' title='bbox 1154 2730 1215 2756; x_wconf 66' lang='lat' dir='ltr'><strong>roh-1</strong></span> <span class='ocrx_word' id='word_1_423' title='bbox 1248 2727 1340 2756; x_wconf 85' lang='lat' dir='ltr'><strong>miser.</strong></span> <span class='ocrx_word' id='word_1_424' title='bbox 1384 2727 1538 2757; x_wconf 81' lang='lat' dir='ltr'><strong>Examinor</strong></span> <span class='ocrx_word' id='word_1_425' title='bbox 1569 2726 1641 2756; x_wconf 77' lang='lat' dir='ltr'><strong>feror</strong></span> <span class='ocrx_word' id='word_1_426' title='bbox 1672 2725 1793 2761; x_wconf 82' lang='lat' dir='ltr'><strong>differor,</strong></span> 
     </span>
     <span class='ocr_line' id='line_1_45' title="bbox 133 2767 633 2805; baseline 0.004 -10"><span class='ocrx_word' id='word_1_427' title='bbox 133 2767 286 2801; x_wconf 76' lang='lat' dir='ltr'><strong>distrahor,</strong></span> <span class='ocrx_word' id='word_1_428' title='bbox 310 2767 427 2805; x_wconf 85' lang='lat' dir='ltr'><strong>diripior</strong></span> <span class='ocrx_word' id='word_1_429' title='bbox 449 2791 633 2797; x_wconf 89' lang='grc'><em>.......</em></span> 
     </span>
    </p>
   </div>
   <div class='ocr_carea' id='block_1_8' title="bbox 253 2807 1036 2847">
    <p class='ocr_par' dir='ltr' id='par_1_13' title="bbox 253 2807 1036 2847">
     <span class='ocr_line' id='line_1_46' title="bbox 253 2807 1036 2847; baseline -0.005 -7"><span class='ocrx_word' id='word_1_430' title='bbox 253 2808 354 2843; x_wconf 70' lang='lat'>⁷)—¹⁴)</span> <span class='ocrx_word' id='word_1_431' title='bbox 376 2807 439 2837; x_wconf 69' lang='lat' dir='ltr'><strong>incl.</strong></span> <span class='ocrx_word' id='word_1_432' title='bbox 462 2808 520 2837; x_wconf 75' lang='lat' dir='ltr'><strong>lora</strong></span> <span class='ocrx_word' id='word_1_433' title='bbox 545 2808 685 2847; x_wconf 65' lang='lat' dir='ltr'><strong>qnamlam</strong></span> <span class='ocrx_word' id='word_1_434' title='bbox 707 2808 797 2838; x_wconf 73' lang='lat' dir='ltr'><strong>Stichi</strong></span> <span class='ocrx_word' id='word_1_435' title='bbox 820 2810 848 2837; x_wconf 63' lang='lat' dir='ltr'><strong>vt</strong></span> <span class='ocrx_word' id='word_1_436' title='bbox 869 2807 1036 2837; x_wconf 81' lang='lat' dir='ltr'><strong>Trinnmmi.</strong></span> 
     </span>
    </p>
   </div>
  </div>
 </body>
</html>
