1951 3040
170 95 224 136 24

167 211 306 248 illorum
347 216 439 248 artes
482 214 741 270 eminentiores·
778 215 894 251 faeere
940 228 1009 252 non
1061 216 1223 262 neglexit,
1265 217 1315 252 sic
1346 216 1482 253 -harum
1533 217 1677 254 virtutes
1727 196 1834 254 etiaixi

168 272 391 317 praedicavit.
1803 274 1809 280 ”

287 341 464 377 Personae
491 342 689 387 Plautinae,
716 355 785 389 quo
812 344 1023 389 incultiores,
1050 357 1091 380 eo
1109 344 1272 381 clariores
1290 358 1333 381 ex
1350 358 1431 382 vero
1457 349 1558 382 erant
1583 346 1724 395 petitae.
1735 337 1834 383 'Cum

169 401 202 436 in
231 401 351 437 fabula
378 401 593 438 Terentiana
619 406 801 439 matronae
828 405 958 451 optime
985 396 1142 440 moratae
1169 406 1247 450 sint,
1275 417 1387 452 neque
1425 405 1578 442 moribus
1618 404 1834 443 Graecorum

168 462 298 496 similes
324 474 436 507 neque
464 461 716 506 Romanarum,
743 464 776 497 in
805 463 931 499 fabulis
958 463 1132 500 Plautinis
1159 465 1240 500 illae
1268 477 1380 500 mores
1406 468 1441 500 et
1457 465 1636 510 ingenium
1662 465 1834 500 sincerum

168 522 412 568 integrumque
441 534 462 557 a
488 524 695 568 contagione
739 524 931 560 alienarum
972 525 1127 570 gentium
1168 528 1400 560 servaverunt.
1443 522 1482 561 Si
1508 524 1614 570 igitur
1638 536 1710 560 una
1735 527 1835 570 parte

168 582 338 627 imagines
365 582 548 617 mulierum
576 582 720 618 lascivia
758 584 911 619 iocorum
939 595 1203 630 nonnumquam
1246 585 1425 630 proposuit
1463 583 1650 619 ridentium
1688 575 1835 628 circulis,

169 641 280 677 altera
306 653 375 676 non
402 641 557 686 neglexit
582 654 701 678 earum
730 644 873 679 virtutes
900 643 1063 679 laudibus
1091 642 1204 688 effere,
1231 643 1319 679 adeo
1346 647 1385 679 ut
1411 643 1455 678 ab
1481 643 1548 678 hac
1585 646 1685 689 parte
1721 642 1833 689 digni-

168 706 276 736 tatem
303 706 338 736 et
364 702 572 747 gravitatem
599 707 848 747 matronarum,
876 703 920 738 ab
946 704 1008 738 illa
1027 707 1143 739 autem
1162 716 1328 750 personas
1355 703 1400 739 ad
1422 703 1605 739 ridendum
1632 703 1837 750 aptissimas-

168 762 395 797 inveniamus.
424 761 463 798 Si
491 785 537 788 -—
565 767 604 798 ut
630 763 788 809 exemplo
815 767 894 799 utar
920 786 965 789 —
994 763 1172 799 mulierem
1214 763 1391 809 quandam
1430 763 1624 814 zelotypam
1663 762 1834 806 describit,

168 826 243 857 tum
270 822 376 857 etiam
404 822 642 858 demonstrare
669 823 795 867 studet,
821 823 913 869 quod
940 827 1039 858 tanto
1066 835 1171 869 opere
1198 823 1363 859 maritum
1402 823 1535 869 diligat,
1563 823 1659 858 illam
1674 822 1719 858 'ei
1745 822 1834 858 adeo

168 881 321 917 invidere
339 882 390 926 ²³).
419 881 456 918 Si
485 882 674 918 clamosam
702 883 927 928 suspicacem,
954 883 1126 918 mendacii
1153 883 1294 929 plenam
1320 883 1486 919 feminam
1514 883 1717 928 invenimus,
1758 886 1834 918 tum

168 953 287 977 rursus
314 942 439 977 mulier
465 942 679 985 describitur,
706 942 761 977 cui
788 942 874 977 nihil
901 942 1081 987 dignitatis
1108 942 1194 977 nihil
1221 942 1362 988 pudoris
1386 965 1430 968 —
1452 955 1494 978 ne
1520 942 1632 978 inulta
1651 964 1696 968 -—
1716 942 1834 992 nullae

168 1001 327 1036 meliores
355 1005 446 1036 artes
473 1001 599 1036 desunt
614 1001 665 1045 ²⁴).
706 1001 791 1036 Ideo
817 1002 922 1037 etiam
950 1002 1087 1036 illarum
1128 1014 1292 1037 numerus
1331 1006 1383 1038 est
1421 1003 1506 1038 satis
1545 1014 1704 1048 magnus,
1743 1013 1834 1048 quae

169 1061 351 1096 virtutibus
378 1061 541 1104 eminent,
568 1065 607 1096 ut
632 1059 901 1107 Amphitruonis
939 1074 1025 1096 uxor
1064 1061 1273 1105 Alcumena,
1312 1074 1402 1107 quae
1441 1062 1685 1111 honestissima
1711 1065 1764 1097 est
1799 1065 1834 1097 et

168 1121 251 1156 civis
277 1133 355 1155 vere
382 1120 553 1155 Romana.

288 1191 366 1226 Iam
393 1191 428 1226 in
456 1191 569 1237 prima
595 1203 708 1236 scena,
736 1192 770 1227 in
793 1204 863 1238 qua
889 1191 1050 1238 Iuppiter
1075 1195 1192 1238 partes
1218 1190 1488 1238 Amphitruonis
1527 1191 1668 1236 obtinet,
1707 1203 1832 1238 cogno-

168 1252 305 1295 scimus,
334 1251 567 1286 Alcumenam
596 1264 632 1287 se
659 1255 769 1287 totam
809 1253 843 1287 in
872 1264 1027 1287 amorem
1060 1253 1174 1287 mariti
1201 1251 1419 1298 profundere.
1461 1251 1569 1288 Cuius
1609 1264 1707 1287 amor
1745 1263 1830 1297 erga

168 1311 360 1357 coniugem,
387 1312 545 1357 quamvis
572 1324 650 1347 cuin
677 1312 819 1347 lascivia
845 1309 998 1358 quadam
1026 1312 1223 1358 astutiaque
1250 1312 1455 1348 coniunctus
1477 1312 1530 1356 sit,
1569 1316 1685 1347 tamen
1714 1315 1832 1347 aucto-

167 1372 307 1407 ritatem
334 1376 369 1407 et
394 1372 600 1417 dignitatem
628 1372 770 1407 amandi
798 1384 867 1407 non
894 1372 1051 1407 detrahit
1068 1372 1118 1416 2⁶).
1148 1394 1192 1397 —
1220 1371 1346 1417 Neque
1387 1384 1467 1407 vero
1506 1371 1696 1418 praebetur
1722 1371 1835 1407 solum

168 1444 274 1475 amor,
301 1431 361 1466 sed
388 1431 494 1466 etiam
520 1431 740 1477 postulatur!
777 1431 893 1477 Quam
920 1432 1027 1477 probe
1054 1432 1211 1477 depictae
1253 1435 1334 1466 sunt
1373 1443 1515 1477 praeces
1554 1431 1678 1476 quibus
1718 1423 1833 1466 mariti

168 1504 266 1526 annor
291 1491 421 1537 petitur
437 1491 499 1535 ΝΗ
528 1491 577 1527 Ut
604 1491 750 1527 maritus
777 1491 822 1527 ad
849 1492 1003 1527 maxima
1030 1491 1145 1527 officia
1171 1495 1362 1536 revocatur,
1381 1492 1416 1526 in
1434 1491 1559 1537 quibus
1586 1491 1833 1537 perfungendis

167 1551 300 1587 nullum
327 1556 464 1597 tenipus
492 1552 689 1587 admittitur
714 1552 784 1586 alia
831 1552 1018 1597 cogitandi,
1054 1564 1141 1587 uxor
1179 1552 1317 1587 deserta
1357 1564 1393 1586 se
1433 1550 1600 1586 maxime
1624 1551 1683 1587 illo
1710 1551 1833 1587 solatio

167 1611 374 1655 consolatur,
415 1611 508 1657 quod
548 1611 621 1647 eius
661 1612 811 1647 coniunx
850 1611 1002 1648 illustres
1042 1611 1312 1658 splendidosque
1351 1612 1499 1647 honores
1538 1611 1667 1647 habeat
1692 1611 1833 1658 eiusque

167 1671 360 1717 amplitudo
388 1672 432 1706 ab
459 1672 619 1707 omnibus
659 1672 790 1707 civibus
830 1672 1022 1707 illustretur
1038 1672 1089 1716 27).
1131 1670 1225 1717 Quid
1253 1684 1340 1717 opus
1366 1675 1428 1716 est,
1456 1684 1497 1706 ex
1523 1670 1723 1707 Alcumena
1748 1669 1833 1716 fingi

165 1731 330 1766 feminam
357 1743 560 1776 generosam
589 1731 695 1766 etiam
724 1735 862 1766 nostrae
891 1731 1034 1766 aetatis!

285 1800 366 1836 Non
395 1801 542 1837 multum
570 1801 670 1837 abest
709 1802 790 1847 quin
830 1801 1022 1845 credamus,
1066 1801 1236 1836 Plautum
1278 1800 1426 1836 voluisse
1469 1812 1585 1835 veram
1634 1788 1832 1835 Romanam

167 1860 357 1905 producere
384 1860 501 1905 itaque
527 1860 620 1895 hanc
646 1860 803 1895 fabulam
843 1860 1043 1905 scripsisse3
1084 1860 1236 1905 undique
1276 1860 1368 1894 enim
1408 1860 1596 1905 imaginem
1638 1859 1832 1895 invenimus

167 1920 348 1955 absolutae
374 1920 495 1954 matris
522 1919 681 1955 familias.
710 1919 825 1954 Audis
852 1919 1000 1954 blaudas
1027 1919 1106 1955 illas
1132 1919 1175 1954 de
1202 1919 1263 1954 viri
1304 1919 1462 1955 absentia
1500 1918 1669 1965 querelas,
1707 1918 1832 1964 quibus

168 1980 344 2025 pudicitia,
370 1992 460 2025 quae
487 1984 665 2015 matronas
692 1979 801 2023 decet,
829 1991 895 2014 non
924 1979 1029 2014 deest.
1057 1978 1146 2013 Eius
1173 1990 1271 2013 amor
1307 1978 1402 2014 haud
1441 1979 1552 2014 maior
1577 1982 1630 2014 est
1655 1978 1832 2024 pudicitia,

168 2039 292 2085 Neque
320 2040 411 2074 enini
439 2040 474 2074 in
501 2039 684 2075 verborum
712 2039 858 2081 delectu,
898 2051 1010 2085 neque
1037 2039 1130 2074 enim
1157 2039 1191 2073 in
1219 2037 1403 2075 effectuum
1444 2038 1695 2085 significatione
1734 2039 1829 2084 quic-

168 2111 273 2145 quam
301 2103 362 2143 est,
388 2099 482 2145 quod
508 2099 751 2145 reprehendas.
781 2099 887 2145 Quali
914 2100 1030 2134 animo
1058 2103 1110 2134 est
1137 2110 1220 2144 erga
1258 2100 1378 2142 virum,
1417 2099 1477 2134 tali
1518 2099 1624 2133 etiam
1651 2092 1693 2133 in,
1712 2110 1831 2134 omnes

166 2164 219 2194 est
245 2160 350 2195 etiam
378 2160 413 2194 in
440 2172 555 2195 servos
595 2160 876 2195 mansuetissima
913 2159 1064 2194 domina.
1093 2180 1138 2184 ——
1168 2157 1249 2204 Qua
1275 2159 1389 2205 specie
1417 2162 1469 2194 est
1495 2159 1530 2194 in
1570 2159 1690 2194 otiosis
1729 2158 1832 2195 rebus

168 2241 213 2244 —
241 2219 364 2254 eadem
392 2221 497 2254 etiam
516 2220 551 2254 in
571 2219 715 2255 turbidis
745 2218 898 2254 videtur!
927 2218 1029 2262 Vide,
1048 2222 1181 2264 quanta
1206 2218 1421 2263 ingenuitate
1448 2217 1631 2263 queratur!
1666 2218 1717 2254 Ut
1741 2218 1832 2254 ferat

167 2279 426 2325 obiurgationes
453 2280 525 2323 viri,
552 2293 642 2325 quae
669 2292 806 2326 semper
832 2279 1023 2325 asperiores
1050 2278 1148 2322 fiunt,
1189 2290 1300 2324 neque
1327 2277 1373 2313 ad
1413 2278 1688 2324 indignationem
1715 2278 1830 2314 subito

167 2340 292 2375 veniat.
320 2339 443 2386 Neque
470 2340 543 2376 ulla
569 2352 634 2375 vox
673 2340 871 2386 exagitatae
911 2339 1133 2374 Alcumenae
1169 2338 1276 2384 digna
1315 2341 1377 2382 est,
1416 2349 1506 2383 quae
1545 2338 1830 2384 reprehendatur.

167 2399 205 2436 Si
233 2412 270 2435 se
296 2400 419 2436 falsam
447 2403 558 2446 putat,
586 2401 767 2435 etiamtum
786 2401 894 2435 tacita
911 2400 1115 2445 indignatur
1131 2399 1172 2444 28)
1199 2403 1406 2445 tantumque
1434 2399 1828 2445 excusationemquan-

166 2460 247 2501 dani
275 2460 431 2505 coniugis
458 2464 627 2506 expectat,
655 2464 694 2496 ut
719 2460 875 2496 omnium
903 2460 1114 2496 offensarum
1142 2460 1324 2495 immemor
1349 2459 1394 2494 sit
1409 2460 1459 2503 29).

286 2531 447 2566 Alteram
476 2530 676 2566 Alcumena
703 2543 771 2566 non
798 2531 992 2566 invenimus
1021 2543 1139 2566 verum
1166 2529 1483 2574 animadvertimus,
1523 2530 1643 2566 iisdem
1685 2530 1830 2575 feminis,

166 2602 313 2635 quarum
340 2594 445 2624 tenue
470 2584 650 2635 ingenium
678 2590 726 2624 nil
766 2591 831 2624 nisi
872 2590 1009 2625 mundis
1052 2589 1277 2624 muelibribus
1320 2589 1485 2624 delectari
1527 2590 1672 2633 videtur,
1716 2589 1828 2624 malas

167 2650 345 2694 bonasque
372 2653 464 2684 artes¹
491 2650 587 2684 iuxta
614 2650 744 2692 inesse3
772 2661 908 2695 semper
934 2649 1025 2684 enim
1044 2649 1088 2684 ad
1107 2648 1173 2683 hoc
1192 2648 1434 2684 revolvendum
1462 2652 1524 2689 cst,
1550 2652 1690 2694 poetam
1709 2661 1829 2684 verum

166 2709 277 2745 solum
306 2721 418 2754 neque
445 2709 491 2753 id,
517 2709 610 2754 quod
638 2721 743 2755 supra
769 2721 887 2744 verum
916 2713 977 2752 est,
1005 2708 1179 2744 studuisse
1206 2707 1345 2753 fingere.
1365 2708 1583 2744 Alcumenae
1609 2709 1717 2755 ipsius
1744 2709 1829 2744 ima-

286 2819 331 2849 20),
355 2819 391 2849 Ἠ)
413 2818 532 2847 Rudcns
553 2818 620 2851 248,
646 2819 710 2849 189:
733 2818 769 2850 ΙΙ,
793 2818 819 2848 3.
844 2818 890 2846 75.
1831 2846 1833 2848 ¹

286 2859 330 2894 ¹⁹).
355 2859 398 2893 ²³).
423 2859 467 2893 ²⁴).
491 2859 536 2888 ²⁶).
561 2859 605 2889 Μ),
624 2859 668 2890 ²⁷).
688 2859 733 2893 ²⁸),
753 2859 788 2893 ²⁹)
811 2856 984 2895 Amphitruo
1007 2857 1027 2890 1,
1051 2857 1076 2892 33
1100 2857 1166 2886 237:
1190 2856 1225 2889 ΙΙ,
1249 2856 1275 2891 2,
1301 2857 1345 2892 12;
1367 2857 1404 2889 ΙΙ,
1427 2858 1453 2892 2,
1480 2858 1543 2893 188,
1567 2858 1634 2893 2093
1656 2857 1708 2893 ΙΙΙ,
1731 2857 1758 2892 2,
1781 2858 1828 2887 63.
