<?xml version="1.0" encoding="UTF-8"?>
<!DOCTYPE html PUBLIC "-//W3C//DTD XHTML 1.0 Transitional//EN"
    "http://www.w3.org/TR/xhtml1/DTD/xhtml1-transitional.dtd">
<html xmlns="http://www.w3.org/1999/xhtml" xml:lang="en" lang="en">
 <head>
  <title>
</title>
<meta http-equiv="Content-Type" content="text/html;charset=utf-8" />
  <meta name='ocr-system' content='tesseract 3.04.00' />
  <meta name='ocr-capabilities' content='ocr_page ocr_carea ocr_par ocr_line ocrx_word'/>
</head>
<body>
  <div class='ocr_page' id='page_1' title='image "4737944_0044.png"; bbox 0 0 1951 3040; ppageno 0'>
   <div class='ocr_carea' id='block_1_1' title="bbox 162 118 222 159">
    <p class='ocr_par' dir='ltr' id='par_1_1' title="bbox 162 118 222 159">
     <span class='ocr_line' id='line_1_1' title="bbox 162 118 222 159; baseline -0.033 0"><span class='ocrx_word' id='word_1_1' title='bbox 162 118 222 159; x_wconf 84' lang='lat'><strong>34</strong></span> 
     </span>
    </p>
   </div>
   <div class='ocr_carea' id='block_1_2' title="bbox 283 206 1859 292">
    <p class='ocr_par' dir='ltr' id='par_1_2' title="bbox 283 206 1859 292">
     <span class='ocr_line' id='line_1_2' title="bbox 283 206 1859 292; baseline 0 -22"><span class='ocrx_word' id='word_1_2' title='bbox 283 235 360 270; x_wconf 87' lang='lat' dir='ltr'><strong>Iam</strong></span> <span class='ocrx_word' id='word_1_3' title='bbox 388 247 469 270; x_wconf 88' lang='lat' dir='ltr'><strong>vero</strong></span> <span class='ocrx_word' id='word_1_4' title='bbox 495 235 652 281; x_wconf 78' lang='lat' dir='ltr'>parasiti,</span> <span class='ocrx_word' id='word_1_5' title='bbox 677 247 757 270; x_wconf 84' lang='lat' dir='ltr'><strong>cum</strong></span> <span class='ocrx_word' id='word_1_6' title='bbox 783 235 900 270; x_wconf 82' lang='lat' dir='ltr'><strong>aliena</strong></span> <span class='ocrx_word' id='word_1_7' title='bbox 924 246 1047 270; x_wconf 82' lang='lat' dir='ltr'><strong>mensa</strong></span> <span class='ocrx_word' id='word_1_8' title='bbox 1072 235 1186 270; x_wconf 76' lang='lat' dir='ltr'><strong>vivere</strong></span> <span class='ocrx_word' id='word_1_9' title='bbox 1211 234 1387 279; x_wconf 79' lang='lat' dir='ltr'><strong>studeant,</strong></span> <span class='ocrx_word' id='word_1_10' title='bbox 1402 233 1496 280; x_wconf 82' lang='lat' dir='ltr'><strong>quod</strong></span> <span class='ocrx_word' id='word_1_11' title='bbox 1512 206 1830 280; x_wconf 66' lang='lat' dir='ltr'><strong>quidem-maxime</strong></span> <span class='ocrx_word' id='word_1_12' title='bbox 1853 285 1859 292; x_wconf 16' lang='grc' dir='ltr'><strong>Δ,</strong></span> 
     </span>
    </p>
   </div>
   <div class='ocr_carea' id='block_1_3' title="bbox 163 292 1833 2194">
    <p class='ocr_par' dir='ltr' id='par_1_3' title="bbox 163 292 1833 520">
     <span class='ocr_line' id='line_1_3' title="bbox 164 292 1833 341; baseline -0.001 -11"><span class='ocrx_word' id='word_1_13' title='bbox 164 295 343 341; x_wconf 87' lang='lat' dir='ltr'><strong>proprimn</strong></span> <span class='ocrx_word' id='word_1_14' title='bbox 370 298 424 330; x_wconf 91' lang='lat' dir='ltr'><strong>est</strong></span> <span class='ocrx_word' id='word_1_15' title='bbox 448 294 691 341; x_wconf 82' lang='lat' dir='ltr'><strong>parasitorum,</strong></span> <span class='ocrx_word' id='word_1_16' title='bbox 717 294 822 330; x_wconf 86' lang='lat' dir='ltr'><strong>etiam</strong></span> <span class='ocrx_word' id='word_1_17' title='bbox 841 294 877 329; x_wconf 92' lang='lat' dir='ltr'><strong>in</strong></span> <span class='ocrx_word' id='word_1_18' title='bbox 896 293 1000 330; x_wconf 86' lang='lat' dir='ltr'><strong>rebus</strong></span> <span class='ocrx_word' id='word_1_19' title='bbox 1026 292 1239 338; x_wconf 85' lang='lat' dir='ltr'><strong>culinaribus</strong></span> <span class='ocrx_word' id='word_1_20' title='bbox 1264 292 1464 339; x_wconf 65' lang='lat' dir='ltr'><strong>peritissimi</strong></span> <span class='ocrx_word' id='word_1_21' title='bbox 1489 294 1581 337; x_wconf 88' lang='lat' dir='ltr'><strong>sunt,</strong></span> <span class='ocrx_word' id='word_1_22' title='bbox 1607 303 1716 339; x_wconf 77' lang='lat' dir='ltr'><strong>quare</strong></span> <span class='ocrx_word' id='word_1_23' title='bbox 1740 292 1833 337; x_wconf 82' lang='lat' dir='ltr'><strong>inter</strong></span> 
     </span>
     <span class='ocr_line' id='line_1_4' title="bbox 163 351 1832 400; baseline -0.001 -11"><span class='ocrx_word' id='word_1_24' title='bbox 163 367 223 389; x_wconf 83' lang='lat' dir='ltr'><strong>eos</strong></span> <span class='ocrx_word' id='word_1_25' title='bbox 249 357 285 390; x_wconf 89' lang='lat' dir='ltr'><strong>et</strong></span> <span class='ocrx_word' id='word_1_26' title='bbox 310 366 439 400; x_wconf 87' lang='lat' dir='ltr'><strong>coquos</strong></span> <span class='ocrx_word' id='word_1_27' title='bbox 465 354 619 390; x_wconf 88' lang='lat' dir='ltr'><strong>maxima</strong></span> <span class='ocrx_word' id='word_1_28' title='bbox 645 358 698 390; x_wconf 85' lang='lat' dir='ltr'><strong>est</strong></span> <span class='ocrx_word' id='word_1_29' title='bbox 723 353 917 389; x_wconf 86' lang='lat' dir='ltr'><strong>concordia.</strong></span> <span class='ocrx_word' id='word_1_30' title='bbox 943 353 1071 399; x_wconf 89' lang='lat' dir='ltr'><strong>Itaque</strong></span> <span class='ocrx_word' id='word_1_31' title='bbox 1096 352 1300 399; x_wconf 89' lang='lat' dir='ltr'><strong>plerumque</strong></span> <span class='ocrx_word' id='word_1_32' title='bbox 1325 352 1361 387; x_wconf 91' lang='lat' dir='ltr'><strong>in</strong></span> <span class='ocrx_word' id='word_1_33' title='bbox 1383 351 1501 387; x_wconf 84' lang='lat' dir='ltr'><strong>culina</strong></span> <span class='ocrx_word' id='word_1_34' title='bbox 1525 351 1755 398; x_wconf 83' lang='lat' dir='ltr'><strong>reperiuntur,</strong></span> <span class='ocrx_word' id='word_1_35' title='bbox 1771 351 1832 388; x_wconf 88' lang='lat' dir='ltr'><strong>ubi</strong></span> 
     </span>
     <span class='ocr_line' id='line_1_5' title="bbox 163 411 1830 460; baseline -0.001 -11"><span class='ocrx_word' id='word_1_36' title='bbox 163 414 259 450; x_wconf 88' lang='lat' dir='ltr'><strong>cibos</strong></span> <span class='ocrx_word' id='word_1_37' title='bbox 286 417 430 460; x_wconf 78' lang='lat' dir='ltr'><strong>gustant</strong></span> <span class='ocrx_word' id='word_1_38' title='bbox 446 414 487 458; x_wconf 81' lang='lat'><strong>¹⁰)</strong></span> <span class='ocrx_word' id='word_1_39' title='bbox 526 426 655 460; x_wconf 86' lang='lat' dir='ltr'><strong>coquos</strong></span> <span class='ocrx_word' id='word_1_40' title='bbox 694 414 830 459; x_wconf 79' lang='lat' dir='ltr'><strong>docent,</strong></span> <span class='ocrx_word' id='word_1_41' title='bbox 869 413 1047 460; x_wconf 87' lang='lat' dir='ltr'><strong>provincia</strong></span> <span class='ocrx_word' id='word_1_42' title='bbox 1085 412 1287 458; x_wconf 84' lang='lat' dir='ltr'><strong>funguntur,</strong></span> <span class='ocrx_word' id='word_1_43' title='bbox 1325 422 1416 458; x_wconf 86' lang='lat' dir='ltr'><strong>quae</strong></span> <span class='ocrx_word' id='word_1_44' title='bbox 1455 414 1532 447; x_wconf 80' lang='lat' dir='ltr'><strong>erat</strong></span> <span class='ocrx_word' id='word_1_45' title='bbox 1567 414 1673 448; x_wconf 76' lang='lat' dir='ltr'><strong>antea</strong></span> <span class='ocrx_word' id='word_1_46' title='bbox 1696 411 1830 459; x_wconf 79' lang='lat' dir='ltr'><strong>parasi-</strong></span> 
     </span>
     <span class='ocr_line' id='line_1_6' title="bbox 164 471 1567 520; baseline -0.003 -10"><span class='ocrx_word' id='word_1_47' title='bbox 164 478 279 510; x_wconf 75' lang='lat' dir='ltr'><strong>torum</strong></span> <span class='ocrx_word' id='word_1_48' title='bbox 297 474 347 518; x_wconf 91' lang='lat'>¹⁷).</span> <span class='ocrx_word' id='word_1_49' title='bbox 376 497 421 499; x_wconf 97' lang='lat'><strong>—</strong></span> <span class='ocrx_word' id='word_1_50' title='bbox 449 474 635 511; x_wconf 87' lang='lat' dir='ltr'><strong>Voracitas</strong></span> <span class='ocrx_word' id='word_1_51' title='bbox 662 475 806 520; x_wconf 73' lang='lat' dir='ltr'>parasiti</span> <span class='ocrx_word' id='word_1_52' title='bbox 832 474 938 509; x_wconf 87' lang='lat' dir='ltr'><strong>etiam</strong></span> <span class='ocrx_word' id='word_1_53' title='bbox 965 473 1084 519; x_wconf 91' lang='lat' dir='ltr'><strong>coquis</strong></span> <span class='ocrx_word' id='word_1_54' title='bbox 1111 472 1375 508; x_wconf 80' lang='lat' dir='ltr'><strong>admirationem</strong></span> <span class='ocrx_word' id='word_1_55' title='bbox 1401 471 1500 507; x_wconf 79' lang='lat' dir='ltr'><strong>inicit</strong></span> <span class='ocrx_word' id='word_1_56' title='bbox 1516 471 1567 516; x_wconf 78' lang='lat'><strong>¹¹³).</strong></span> 
     </span>
    </p>

    <p class='ocr_par' dir='ltr' id='par_1_4' title="bbox 164 530 1833 1776">
     <span class='ocr_line' id='line_1_7' title="bbox 285 530 1832 585; baseline -0.001 -16"><span class='ocrx_word' id='word_1_57' title='bbox 285 534 449 580; x_wconf 88' lang='lat' dir='ltr'><strong>Denique</strong></span> <span class='ocrx_word' id='word_1_58' title='bbox 476 534 564 570; x_wconf 87' lang='lat' dir='ltr'><strong>haec</strong></span> <span class='ocrx_word' id='word_1_59' title='bbox 595 538 678 571; x_wconf 87' lang='lat' dir='ltr'><strong>sunt</strong></span> <span class='ocrx_word' id='word_1_60' title='bbox 716 533 920 570; x_wconf 86' lang='lat' dir='ltr'><strong>annotanda</strong></span> <span class='ocrx_word' id='word_1_61' title='bbox 958 533 1001 568; x_wconf 89' lang='lat' dir='ltr'><strong>de</strong></span> <span class='ocrx_word' id='word_1_62' title='bbox 1040 533 1195 580; x_wconf 86' lang='lat' dir='ltr'><strong>parasito</strong></span> <span class='ocrx_word' id='word_1_63' title='bbox 1234 531 1409 585; x_wconf 59' lang='lat' dir='ltr'><strong>Plautino,</strong></span> <span class='ocrx_word' id='word_1_64' title='bbox 1450 530 1674 578; x_wconf 80' lang='lat' dir='ltr'><strong>Quamquam</strong></span> <span class='ocrx_word' id='word_1_65' title='bbox 1714 534 1832 579; x_wconf 76' lang='lat' dir='ltr'><strong>partes</strong></span> 
     </span>
     <span class='ocr_line' id='line_1_8' title="bbox 164 592 1832 641; baseline -0.002 -11"><span class='ocrx_word' id='word_1_66' title='bbox 164 595 308 641; x_wconf 82' lang='lat' dir='ltr'><strong>parasiti</strong></span> <span class='ocrx_word' id='word_1_67' title='bbox 335 594 491 630; x_wconf 86' lang='lat' dir='ltr'><strong>Plautini</strong></span> <span class='ocrx_word' id='word_1_68' title='bbox 519 595 674 640; x_wconf 86' lang='lat' dir='ltr'><strong>proxime</strong></span> <span class='ocrx_word' id='word_1_69' title='bbox 701 595 874 630; x_wconf 88' lang='lat' dir='ltr'><strong>accedunt</strong></span> <span class='ocrx_word' id='word_1_70' title='bbox 899 594 945 629; x_wconf 85' lang='lat' dir='ltr'><strong>ad</strong></span> <span class='ocrx_word' id='word_1_71' title='bbox 970 606 1083 629; x_wconf 91' lang='lat' dir='ltr'><strong>mores</strong></span> <span class='ocrx_word' id='word_1_72' title='bbox 1110 593 1276 637; x_wconf 82' lang='lat' dir='ltr'><strong>Graecos,</strong></span> <span class='ocrx_word' id='word_1_73' title='bbox 1302 596 1420 628; x_wconf 88' lang='lat' dir='ltr'><strong>tamen</strong></span> <span class='ocrx_word' id='word_1_74' title='bbox 1446 604 1596 638; x_wconf 82' lang='lat' dir='ltr'><strong>persona</strong></span> <span class='ocrx_word' id='word_1_75' title='bbox 1636 593 1714 639; x_wconf 87' lang='lat' dir='ltr'><strong>ipsa</strong></span> <span class='ocrx_word' id='word_1_76' title='bbox 1738 592 1832 638; x_wconf 85' lang='lat' dir='ltr'><strong>plebi</strong></span> 
     </span>
     <span class='ocr_line' id='line_1_9' title="bbox 164 652 1829 700; baseline -0.001 -11"><span class='ocrx_word' id='word_1_77' title='bbox 164 655 348 690; x_wconf 77' lang='lat' dir='ltr'><strong>Romanae</strong></span> <span class='ocrx_word' id='word_1_78' title='bbox 375 654 575 700; x_wconf 84' lang='lat' dir='ltr'><strong>gratissima</strong></span> <span class='ocrx_word' id='word_1_79' title='bbox 600 658 686 699; x_wconf 88' lang='lat' dir='ltr'><strong>erat,</strong></span> <span class='ocrx_word' id='word_1_80' title='bbox 713 655 746 689; x_wconf 91' lang='lat' dir='ltr'><strong>in</strong></span> <span class='ocrx_word' id='word_1_81' title='bbox 775 667 846 700; x_wconf 89' lang='lat' dir='ltr'><strong>qua</strong></span> <span class='ocrx_word' id='word_1_82' title='bbox 870 657 1052 700; x_wconf 83' lang='lat' dir='ltr'><strong>tamquam</strong></span> <span class='ocrx_word' id='word_1_83' title='bbox 1078 654 1113 689; x_wconf 89' lang='lat' dir='ltr'><strong>in</strong></span> <span class='ocrx_word' id='word_1_84' title='bbox 1148 653 1290 699; x_wconf 84' lang='lat' dir='ltr'><strong>speculo</strong></span> <span class='ocrx_word' id='word_1_85' title='bbox 1328 655 1456 688; x_wconf 82' lang='lat' dir='ltr'><strong>natura</strong></span> <span class='ocrx_word' id='word_1_86' title='bbox 1492 652 1673 688; x_wconf 88' lang='lat' dir='ltr'><strong>hominum</strong></span> <span class='ocrx_word' id='word_1_87' title='bbox 1715 652 1829 688; x_wconf 91' lang='lat' dir='ltr'><strong>humi-</strong></span> 
     </span>
     <span class='ocr_line' id='line_1_10' title="bbox 167 712 1831 760; baseline -0.001 -12"><span class='ocrx_word' id='word_1_88' title='bbox 167 714 261 748; x_wconf 88' lang='lat' dir='ltr'><strong>lioris</strong></span> <span class='ocrx_word' id='word_1_89' title='bbox 302 713 433 748; x_wconf 84' lang='lat' dir='ltr'><strong>ordinis</strong></span> <span class='ocrx_word' id='word_1_90' title='bbox 467 714 708 749; x_wconf 84' lang='lat' dir='ltr'><strong>cernebantur.</strong></span> <span class='ocrx_word' id='word_1_91' title='bbox 750 715 889 760; x_wconf 82' lang='lat' dir='ltr'><strong>Itaque.</strong></span> <span class='ocrx_word' id='word_1_92' title='bbox 914 714 1108 759; x_wconf 87' lang='lat' dir='ltr'><strong>Ergasilus,</strong></span> <span class='ocrx_word' id='word_1_93' title='bbox 1147 725 1360 759; x_wconf 87' lang='lat' dir='ltr'><strong>quamquam</strong></span> <span class='ocrx_word' id='word_1_94' title='bbox 1386 725 1440 748; x_wconf 91' lang='lat' dir='ltr'><strong>res</strong></span> <span class='ocrx_word' id='word_1_95' title='bbox 1467 712 1658 758; x_wconf 85' lang='lat' dir='ltr'><strong>Calydone,</strong></span> <span class='ocrx_word' id='word_1_96' title='bbox 1683 713 1721 747; x_wconf 89' lang='lat' dir='ltr'><strong>in</strong></span> <span class='ocrx_word' id='word_1_97' title='bbox 1747 712 1831 748; x_wconf 90' lang='lat' dir='ltr'><strong>urbe</strong></span> 
     </span>
     <span class='ocr_line' id='line_1_11' title="bbox 167 771 1832 819; baseline 0 -12"><span class='ocrx_word' id='word_1_98' title='bbox 167 773 316 816; x_wconf 87' lang='lat' dir='ltr'><strong>Graeca,</strong></span> <span class='ocrx_word' id='word_1_99' title='bbox 343 776 506 818; x_wconf 89' lang='lat' dir='ltr'><strong>aguntur,</strong></span> <span class='ocrx_word' id='word_1_100' title='bbox 534 773 577 808; x_wconf 90' lang='lat' dir='ltr'><strong>de</strong></span> <span class='ocrx_word' id='word_1_101' title='bbox 604 777 705 819; x_wconf 85' lang='lat' dir='ltr'><strong>porta</strong></span> <span class='ocrx_word' id='word_1_102' title='bbox 730 774 925 818; x_wconf 81' lang='lat' dir='ltr'><strong>trigemina,</strong></span> <span class='ocrx_word' id='word_1_103' title='bbox 943 785 1033 818; x_wconf 88' lang='lat' dir='ltr'><strong>quae</strong></span> <span class='ocrx_word' id='word_1_104' title='bbox 1049 772 1185 808; x_wconf 82' lang='lat' dir='ltr'><strong>Romae</strong></span> <span class='ocrx_word' id='word_1_105' title='bbox 1201 775 1285 816; x_wconf 86' lang='lat' dir='ltr'><strong>erat,</strong></span> <span class='ocrx_word' id='word_1_106' title='bbox 1311 772 1465 818; x_wconf 90' lang='lat' dir='ltr'><strong>loquitur</strong></span> <span class='ocrx_word' id='word_1_107' title='bbox 1481 772 1531 817; x_wconf 82' lang='lat'>¹⁹).</span> <span class='ocrx_word' id='word_1_108' title='bbox 1558 771 1658 807; x_wconf 89' lang='lat' dir='ltr'><strong>Idem</strong></span> <span class='ocrx_word' id='word_1_109' title='bbox 1686 771 1832 807; x_wconf 85' lang='lat' dir='ltr'><strong>dicteria</strong></span> 
     </span>
     <span class='ocr_line' id='line_1_12' title="bbox 166 832 1829 878; baseline 0 -11"><span class='ocrx_word' id='word_1_110' title='bbox 166 833 251 867; x_wconf 90' lang='lat' dir='ltr'><strong>dicit</strong></span> <span class='ocrx_word' id='word_1_111' title='bbox 276 833 311 867; x_wconf 90' lang='lat' dir='ltr'><strong>in</strong></span> <span class='ocrx_word' id='word_1_112' title='bbox 339 845 460 868; x_wconf 88' lang='lat' dir='ltr'><strong>omnes</strong></span> <span class='ocrx_word' id='word_1_113' title='bbox 499 833 659 877; x_wconf 72' lang='lat' dir='ltr'><strong>ordinesr,</strong></span> <span class='ocrx_word' id='word_1_114' title='bbox 697 833 800 868; x_wconf 85' lang='lat' dir='ltr'><strong>modo</strong></span> <span class='ocrx_word' id='word_1_115' title='bbox 838 833 1061 869; x_wconf 86' lang='lat' dir='ltr'><strong>vehementer</strong></span> <span class='ocrx_word' id='word_1_116' title='bbox 1098 833 1133 872; x_wconf 82' lang='lat' dir='ltr'><strong>in</strong></span> <span class='ocrx_word' id='word_1_117' title='bbox 1173 833 1330 877; x_wconf 85' lang='lat' dir='ltr'><strong>olearios,</strong></span> <span class='ocrx_word' id='word_1_118' title='bbox 1369 832 1429 878; x_wconf 91' lang='lat' dir='ltr'><strong>qui</strong></span> <span class='ocrx_word' id='word_1_119' title='bbox 1467 845 1510 877; x_wconf 63' lang='grc'><strong>61(</strong></span> <span class='ocrx_word' id='word_1_120' title='bbox 1536 835 1718 878; x_wconf 81' lang='lat' dir='ltr'><strong>compacto</strong></span> <span class='ocrx_word' id='word_1_121' title='bbox 1755 844 1829 868; x_wconf 89' lang='lat' dir='ltr'><strong>rem</strong></span> 
     </span>
     <span class='ocr_line' id='line_1_13' title="bbox 166 882 1830 938; baseline 0.001 -12"><span class='ocrx_word' id='word_1_122' title='bbox 166 895 277 937; x_wconf 86' lang='lat' dir='ltr'><strong>agunt</strong></span> <span class='ocrx_word' id='word_1_123' title='bbox 293 892 335 936; x_wconf 86' lang='lat'><strong>²⁰)</strong></span> <span class='ocrx_word' id='word_1_124' title='bbox 362 892 466 927; x_wconf 89' lang='lat' dir='ltr'><strong>modo</strong></span> <span class='ocrx_word' id='word_1_125' title='bbox 492 893 527 926; x_wconf 91' lang='lat' dir='ltr'><strong>in</strong></span> <span class='ocrx_word' id='word_1_126' title='bbox 555 892 798 927; x_wconf 74' lang='lat' dir='ltr'><strong>frumentarios</strong></span> <span class='ocrx_word' id='word_1_127' title='bbox 815 892 856 935; x_wconf 74' lang='grc'><strong>21)</strong></span> <span class='ocrx_word' id='word_1_128' title='bbox 883 892 986 927; x_wconf 87' lang='grc'><strong>1110(10</strong></span> <span class='ocrx_word' id='word_1_129' title='bbox 1013 892 1047 926; x_wconf 88' lang='grc'><strong>111</strong></span> <span class='ocrx_word' id='word_1_130' title='bbox 1075 892 1223 938; x_wconf 85' lang='lat' dir='ltr'><strong>pistores</strong></span> <span class='ocrx_word' id='word_1_131' title='bbox 1239 891 1292 936; x_wconf 72' lang='grc'><strong>22),</strong></span> <span class='ocrx_word' id='word_1_132' title='bbox 1318 882 1378 938; x_wconf 80' lang='lat' dir='ltr'><strong>qui</strong></span> <span class='ocrx_word' id='word_1_133' title='bbox 1405 891 1505 927; x_wconf 87' lang='lat' dir='ltr'><strong>alunt</strong></span> <span class='ocrx_word' id='word_1_134' title='bbox 1529 890 1651 928; x_wconf 82' lang='lat' dir='ltr'><strong>furfuri</strong></span> <span class='ocrx_word' id='word_1_135' title='bbox 1691 903 1771 927; x_wconf 80' lang='lat' dir='ltr'><strong>sues</strong></span> <span class='ocrx_word' id='word_1_136' title='bbox 1787 891 1830 936; x_wconf 74' lang='lat'><strong>²³)</strong></span> 
     </span>
     <span class='ocr_line' id='line_1_14' title="bbox 165 951 1828 998; baseline 0.001 -12"><span class='ocrx_word' id='word_1_137' title='bbox 165 951 269 986; x_wconf 87' lang='lat' dir='ltr'><strong>modo</strong></span> <span class='ocrx_word' id='word_1_138' title='bbox 295 951 331 986; x_wconf 91' lang='lat' dir='ltr'><strong>in</strong></span> <span class='ocrx_word' id='word_1_139' title='bbox 358 951 577 987; x_wconf 83' lang='lat' dir='ltr'><strong>macellarios</strong></span> <span class='ocrx_word' id='word_1_140' title='bbox 594 951 634 995; x_wconf 74' lang='lat'><strong>²⁴)</strong></span> <span class='ocrx_word' id='word_1_141' title='bbox 661 951 720 997; x_wconf 91' lang='grc'><strong>(1111</strong></span> <span class='ocrx_word' id='word_1_142' title='bbox 759 951 955 988; x_wconf 86' lang='lat' dir='ltr'><strong>caedendos</strong></span> <span class='ocrx_word' id='word_1_143' title='bbox 994 965 1103 998; x_wconf 87' lang='lat' dir='ltr'><strong>agnos</strong></span> <span class='ocrx_word' id='word_1_144' title='bbox 1142 956 1314 997; x_wconf 73' lang='lat' dir='ltr'><strong>exsecant,</strong></span> <span class='ocrx_word' id='word_1_145' title='bbox 1340 955 1376 988; x_wconf 87' lang='lat' dir='ltr'><strong>et</strong></span> <span class='ocrx_word' id='word_1_146' title='bbox 1400 952 1524 988; x_wconf 87' lang='lat' dir='ltr'><strong>duram</strong></span> <span class='ocrx_word' id='word_1_147' title='bbox 1561 952 1727 998; x_wconf 87' lang='lat' dir='ltr'><strong>agninam</strong></span> <span class='ocrx_word' id='word_1_148' title='bbox 1767 951 1828 988; x_wconf 89' lang='lat' dir='ltr'><strong>da-</strong></span> 
     </span>
     <span class='ocr_line' id='line_1_15' title="bbox 167 1011 1829 1059; baseline 0.001 -13"><span class='ocrx_word' id='word_1_149' title='bbox 167 1014 290 1055; x_wconf 85' lang='lat' dir='ltr'><strong>nunt«,</strong></span> <span class='ocrx_word' id='word_1_150' title='bbox 317 1011 420 1047; x_wconf 84' lang='lat' dir='ltr'><strong>modo</strong></span> <span class='ocrx_word' id='word_1_151' title='bbox 447 1012 481 1046; x_wconf 92' lang='lat' dir='ltr'><strong>in</strong></span> <span class='ocrx_word' id='word_1_152' title='bbox 508 1011 706 1058; x_wconf 73' lang='lat' dir='ltr'><strong>piscatores,</strong></span> <span class='ocrx_word' id='word_1_153' title='bbox 733 1013 791 1057; x_wconf 90' lang='lat' dir='ltr'><strong>qui</strong></span> <span class='ocrx_word' id='word_1_154' title='bbox 818 1012 987 1059; x_wconf 83' lang='lat' dir='ltr'><strong>praebent</strong></span> <span class='ocrx_word' id='word_1_155' title='bbox 1003 1013 1133 1059; x_wconf 87' lang='lat' dir='ltr'><strong>populo</strong></span> <span class='ocrx_word' id='word_1_156' title='bbox 1150 1013 1261 1059; x_wconf 82' lang='lat' dir='ltr'><strong>pisces</strong></span> <span class='ocrx_word' id='word_1_157' title='bbox 1278 1012 1424 1048; x_wconf 86' lang='lat' dir='ltr'><strong>foetidos</strong></span> <span class='ocrx_word' id='word_1_158' title='bbox 1440 1013 1492 1056; x_wconf 72' lang='lat'><strong>²⁵).</strong></span> <span class='ocrx_word' id='word_1_159' title='bbox 1519 1012 1639 1048; x_wconf 87' lang='lat' dir='ltr'><strong>Etiam</strong></span> <span class='ocrx_word' id='word_1_160' title='bbox 1667 1012 1736 1048; x_wconf 86' lang='lat' dir='ltr'><strong>alio</strong></span> <span class='ocrx_word' id='word_1_161' title='bbox 1751 1012 1829 1048; x_wconf 92' lang='lat' dir='ltr'><strong>loco</strong></span> 
     </span>
     <span class='ocr_line' id='line_1_16' title="bbox 166 1072 1832 1119; baseline 0 -12"><span class='ocrx_word' id='word_1_162' title='bbox 166 1084 281 1107; x_wconf 89' lang='lat' dir='ltr'><strong>mores</strong></span> <span class='ocrx_word' id='word_1_163' title='bbox 308 1072 488 1107; x_wconf 88' lang='lat' dir='ltr'><strong>Romanos</strong></span> <span class='ocrx_word' id='word_1_164' title='bbox 515 1073 718 1108; x_wconf 71' lang='lat' dir='ltr'><strong>invenimus.</strong></span> <span class='ocrx_word' id='word_1_165' title='bbox 746 1073 938 1118; x_wconf 85' lang='lat' dir='ltr'><strong>Postquam</strong></span> <span class='ocrx_word' id='word_1_166' title='bbox 965 1074 1057 1108; x_wconf 88' lang='lat' dir='ltr'><strong>enim</strong></span> <span class='ocrx_word' id='word_1_167' title='bbox 1098 1073 1272 1119; x_wconf 84' lang='lat' dir='ltr'><strong>parasitus</strong></span> <span class='ocrx_word' id='word_1_168' title='bbox 1314 1085 1377 1119; x_wconf 88' lang='lat' dir='ltr'><strong>per</strong></span> <span class='ocrx_word' id='word_1_169' title='bbox 1414 1072 1617 1118; x_wconf 88' lang='lat' dir='ltr'><strong>Apollinem</strong></span> <span class='ocrx_word' id='word_1_170' title='bbox 1644 1073 1771 1108; x_wconf 86' lang='lat' dir='ltr'><strong>iuravit</strong></span> <span class='ocrx_word' id='word_1_171' title='bbox 1796 1076 1832 1108; x_wconf 91' lang='lat' dir='ltr'><strong>et</strong></span> 
     </span>
     <span class='ocr_line' id='line_1_17' title="bbox 167 1131 1830 1180; baseline 0.001 -14"><span class='ocrx_word' id='word_1_172' title='bbox 167 1144 230 1177; x_wconf 88' lang='lat' dir='ltr'><strong>per</strong></span> <span class='ocrx_word' id='word_1_173' title='bbox 268 1132 524 1178; x_wconf 85' lang='lat' dir='ltr'><strong>Proserpinam,</strong></span> <span class='ocrx_word' id='word_1_174' title='bbox 563 1145 666 1177; x_wconf 90' lang='lat' dir='ltr'><strong>quam</strong></span> <span class='ocrx_word' id='word_1_175' title='bbox 709 1132 844 1168; x_wconf 75' lang='lat' dir='ltr'><strong>Grraece</strong></span> <span class='ocrx_word' id='word_1_176' title='bbox 885 1132 1007 1180; x_wconf 75' lang='grc' dir='ltr'>Κόραν</span> <span class='ocrx_word' id='word_1_177' title='bbox 1046 1133 1210 1179; x_wconf 85' lang='lat' dir='ltr'><strong>appellat,</strong></span> <span class='ocrx_word' id='word_1_178' title='bbox 1249 1132 1384 1178; x_wconf 90' lang='lat' dir='ltr'><strong>quodve</strong></span> <span class='ocrx_word' id='word_1_179' title='bbox 1423 1144 1550 1167; x_wconf 90' lang='lat' dir='ltr'><strong>nomeu</strong></span> <span class='ocrx_word' id='word_1_180' title='bbox 1589 1132 1695 1167; x_wconf 87' lang='lat' dir='ltr'><strong>etiam</strong></span> <span class='ocrx_word' id='word_1_181' title='bbox 1735 1131 1830 1167; x_wconf 87' lang='lat' dir='ltr'><strong>urbis</strong></span> 
     </span>
     <span class='ocr_line' id='line_1_18' title="bbox 166 1191 1833 1238; baseline 0 -12"><span class='ocrx_word' id='word_1_182' title='bbox 166 1192 346 1227; x_wconf 88' lang='lat' dir='ltr'><strong>cuiusdam</strong></span> <span class='ocrx_word' id='word_1_183' title='bbox 372 1193 408 1226; x_wconf 90' lang='lat' dir='ltr'><strong>in</strong></span> <span class='ocrx_word' id='word_1_184' title='bbox 437 1191 635 1238; x_wconf 81' lang='lat' dir='ltr'><strong>Campania</strong></span> <span class='ocrx_word' id='word_1_185' title='bbox 660 1196 722 1236; x_wconf 81' lang='lat' dir='ltr'><strong>est,</strong></span> <span class='ocrx_word' id='word_1_186' title='bbox 757 1193 869 1238; x_wconf 85' lang='lat' dir='ltr'><strong>pergit</strong></span> <span class='ocrx_word' id='word_1_187' title='bbox 896 1192 1032 1228; x_wconf 82' lang='lat' dir='ltr'><strong>Graece</strong></span> <span class='ocrx_word' id='word_1_188' title='bbox 1071 1193 1185 1227; x_wconf 86' lang='lat' dir='ltr'><strong>iurare</strong></span> <span class='ocrx_word' id='word_1_189' title='bbox 1224 1204 1286 1238; x_wconf 91' lang='lat' dir='ltr'><strong>per</strong></span> <span class='ocrx_word' id='word_1_190' title='bbox 1325 1192 1524 1235; x_wconf 79' lang='lat' dir='ltr'><strong>Praeneste,</strong></span> <span class='ocrx_word' id='word_1_191' title='bbox 1564 1191 1732 1237; x_wconf 86' lang='lat' dir='ltr'><strong>Signiam,</strong></span> <span class='ocrx_word' id='word_1_192' title='bbox 1770 1204 1833 1237; x_wconf 90' lang='lat' dir='ltr'><strong>per</strong></span> 
     </span>
     <span class='ocr_line' id='line_1_19' title="bbox 166 1251 1828 1297; baseline 0 -11"><span class='ocrx_word' id='word_1_193' title='bbox 166 1251 434 1286; x_wconf 86' lang='lat' dir='ltr'><strong>Phrunisionem</strong></span> <span class='ocrx_word' id='word_1_194' title='bbox 462 1263 524 1297; x_wconf 85' lang='lat' dir='ltr'><strong>per</strong></span> <span class='ocrx_word' id='word_1_195' title='bbox 549 1252 721 1293; x_wconf 75' lang='lat' dir='ltr'><strong>Aleti-ion,</strong></span> <span class='ocrx_word' id='word_1_196' title='bbox 762 1265 852 1297; x_wconf 82' lang='lat' dir='ltr'><strong>quae</strong></span> <span class='ocrx_word' id='word_1_197' title='bbox 891 1264 1012 1286; x_wconf 85' lang='lat' dir='ltr'><strong>omnes</strong></span> <span class='ocrx_word' id='word_1_198' title='bbox 1052 1252 1153 1287; x_wconf 86' lang='lat' dir='ltr'><strong>urbes</strong></span> <span class='ocrx_word' id='word_1_199' title='bbox 1193 1251 1339 1286; x_wconf 85' lang='lat' dir='ltr'><strong>Italicae</strong></span> <span class='ocrx_word' id='word_1_200' title='bbox 1365 1255 1457 1295; x_wconf 91' lang='lat' dir='ltr'><strong>sunt,</strong></span> <span class='ocrx_word' id='word_1_201' title='bbox 1484 1264 1571 1297; x_wconf 84' lang='lat' dir='ltr'><strong>quas</strong></span> <span class='ocrx_word' id='word_1_202' title='bbox 1598 1263 1740 1297; x_wconf 84' lang='lat' dir='ltr'><strong>asperas</strong></span> <span class='ocrx_word' id='word_1_203' title='bbox 1767 1263 1828 1286; x_wconf 89' lang='lat' dir='ltr'><strong>no-</strong></span> 
     </span>
     <span class='ocr_line' id='line_1_20' title="bbox 167 1311 1832 1357; baseline 0 -11"><span class='ocrx_word' id='word_1_204' title='bbox 167 1311 278 1346; x_wconf 85' lang='lat' dir='ltr'><strong>minat</strong></span> <span class='ocrx_word' id='word_1_205' title='bbox 291 1311 333 1353; x_wconf 73' lang='grc'><strong>26)</strong></span> <span class='ocrx_word' id='word_1_206' title='bbox 360 1311 509 1356; x_wconf 87' lang='lat' dir='ltr'><strong>denique</strong></span> <span class='ocrx_word' id='word_1_207' title='bbox 536 1312 640 1346; x_wconf 84' lang='lat' dir='ltr'><strong>etiam</strong></span> <span class='ocrx_word' id='word_1_208' title='bbox 673 1312 776 1347; x_wconf 82' lang='lat' dir='ltr'><strong>Boios</strong></span> <span class='ocrx_word' id='word_1_209' title='bbox 802 1312 861 1357; x_wconf 91' lang='lat' dir='ltr'><strong>qui</strong></span> <span class='ocrx_word' id='word_1_210' title='bbox 888 1324 1000 1357; x_wconf 89' lang='lat' dir='ltr'><strong>nuper</strong></span> <span class='ocrx_word' id='word_1_211' title='bbox 1024 1312 1096 1346; x_wconf 90' lang='lat' dir='ltr'><strong>noti</strong></span> <span class='ocrx_word' id='word_1_212' title='bbox 1136 1315 1237 1346; x_wconf 85' lang='lat' dir='ltr'><strong>erant</strong></span> <span class='ocrx_word' id='word_1_213' title='bbox 1275 1311 1455 1356; x_wconf 86' lang='lat' dir='ltr'><strong>Romanis,</strong></span> <span class='ocrx_word' id='word_1_214' title='bbox 1495 1315 1665 1347; x_wconf 87' lang='lat' dir='ltr'><strong>memorat</strong></span> <span class='ocrx_word' id='word_1_215' title='bbox 1679 1311 1735 1356; x_wconf 74' lang='lat'>²⁷).</span> <span class='ocrx_word' id='word_1_216' title='bbox 1775 1311 1832 1346; x_wconf 86' lang='lat' dir='ltr'><strong>Ex</strong></span> 
     </span>
     <span class='ocr_line' id='line_1_21' title="bbox 167 1359 1833 1420; baseline 0.001 -15"><span class='ocrx_word' id='word_1_217' title='bbox 167 1371 221 1405; x_wconf 89' lang='lat' dir='ltr'><strong>his</strong></span> <span class='ocrx_word' id='word_1_218' title='bbox 247 1370 348 1406; x_wconf 85' lang='lat' dir='ltr'><strong>facile</strong></span> <span class='ocrx_word' id='word_1_219' title='bbox 387 1371 601 1416; x_wconf 86' lang='lat' dir='ltr'><strong>intellegitur</strong></span> <span class='ocrx_word' id='word_1_220' title='bbox 640 1375 777 1417; x_wconf 63' lang='lat' dir='ltr'><strong>poetam</strong></span> <span class='ocrx_word' id='word_1_221' title='bbox 818 1359 955 1406; x_wconf 80' lang='lat' dir='ltr'><strong>tantum</strong></span> <span class='ocrx_word' id='word_1_222' title='bbox 995 1384 1106 1407; x_wconf 87' lang='lat' dir='ltr'><strong>mores</strong></span> <span class='ocrx_word' id='word_1_223' title='bbox 1146 1371 1324 1420; x_wconf 83' lang='lat' dir='ltr'><strong>Romanos</strong></span> <span class='ocrx_word' id='word_1_224' title='bbox 1363 1384 1425 1417; x_wconf 88' lang='lat' dir='ltr'><strong>per</strong></span> <span class='ocrx_word' id='word_1_225' title='bbox 1463 1383 1648 1418; x_wconf 84' lang='lat' dir='ltr'><strong>personam</strong></span> <span class='ocrx_word' id='word_1_226' title='bbox 1686 1371 1833 1418; x_wconf 84' lang='lat' dir='ltr'><strong>parasiti</strong></span> 
     </span>
     <span class='ocr_line' id='line_1_22' title="bbox 169 1430 1832 1478; baseline 0 -12"><span class='ocrx_word' id='word_1_227' title='bbox 169 1430 383 1477; x_wconf 75' lang='lat' dir='ltr'><strong>significatos</strong></span> <span class='ocrx_word' id='word_1_228' title='bbox 410 1431 568 1466; x_wconf 86' lang='lat' dir='ltr'><strong>voluisse.</strong></span> <span class='ocrx_word' id='word_1_229' title='bbox 597 1453 642 1456; x_wconf 36' lang='grc' dir='ltr'><strong>-ί</strong></span> <span class='ocrx_word' id='word_1_230' title='bbox 671 1431 761 1466; x_wconf 86' lang='lat' dir='ltr'><strong>Item</strong></span> <span class='ocrx_word' id='word_1_231' title='bbox 790 1431 990 1467; x_wconf 75' lang='lat' dir='ltr'><strong>Gelasimus</strong></span> <span class='ocrx_word' id='word_1_232' title='bbox 1016 1432 1190 1478; x_wconf 85' lang='lat' dir='ltr'><strong>parasitus</strong></span> <span class='ocrx_word' id='word_1_233' title='bbox 1217 1431 1329 1468; x_wconf 87' lang='lat' dir='ltr'><strong>Stichi</strong></span> <span class='ocrx_word' id='word_1_234' title='bbox 1348 1444 1479 1467; x_wconf 89' lang='lat' dir='ltr'><strong>morem</strong></span> <span class='ocrx_word' id='word_1_235' title='bbox 1499 1432 1699 1467; x_wconf 81' lang='lat' dir='ltr'><strong>Romanum</strong></span> <span class='ocrx_word' id='word_1_236' title='bbox 1721 1431 1832 1466; x_wconf 90' lang='lat' dir='ltr'><strong>docet.</strong></span> 
     </span>
     <span class='ocr_line' id='line_1_23' title="bbox 170 1491 1833 1538; baseline 0.001 -12"><span class='ocrx_word' id='word_1_237' title='bbox 170 1491 268 1526; x_wconf 88' lang='lat' dir='ltr'><strong>More</strong></span> <span class='ocrx_word' id='word_1_238' title='bbox 296 1492 387 1526; x_wconf 84' lang='lat' dir='ltr'><strong>enim</strong></span> <span class='ocrx_word' id='word_1_239' title='bbox 416 1491 577 1526; x_wconf 85' lang='lat' dir='ltr'><strong>Romano</strong></span> <span class='ocrx_word' id='word_1_240' title='bbox 605 1492 800 1526; x_wconf 81' lang='lat' dir='ltr'><strong>auctionem</strong></span> <span class='ocrx_word' id='word_1_241' title='bbox 827 1492 978 1527; x_wconf 89' lang='lat' dir='ltr'><strong>instituit</strong></span> <span class='ocrx_word' id='word_1_242' title='bbox 994 1492 1035 1536; x_wconf 77' lang='lat'><strong>²8)</strong></span> <span class='ocrx_word' id='word_1_243' title='bbox 1067 1496 1102 1527; x_wconf 88' lang='lat' dir='ltr'><strong>et</strong></span> <span class='ocrx_word' id='word_1_244' title='bbox 1127 1492 1300 1538; x_wconf 86' lang='lat' dir='ltr'><strong>auspiciis,</strong></span> <span class='ocrx_word' id='word_1_245' title='bbox 1326 1504 1416 1537; x_wconf 87' lang='lat' dir='ltr'><strong>quae</strong></span> <span class='ocrx_word' id='word_1_246' title='bbox 1443 1492 1548 1527; x_wconf 88' lang='lat' dir='ltr'><strong>moris</strong></span> <span class='ocrx_word' id='word_1_247' title='bbox 1574 1495 1664 1536; x_wconf 86' lang='lat' dir='ltr'><strong>sunt,</strong></span> <span class='ocrx_word' id='word_1_248' title='bbox 1691 1492 1833 1527; x_wconf 89' lang='lat' dir='ltr'><strong>omnino</strong></span> 
     </span>
     <span class='ocr_line' id='line_1_24' title="bbox 166 1551 1833 1595; baseline 0 -9"><span class='ocrx_word' id='word_1_249' title='bbox 166 1551 320 1587; x_wconf 84' lang='lat' dir='ltr'><strong>confidit.</strong></span> <span class='ocrx_word' id='word_1_250' title='bbox 346 1552 465 1586; x_wconf 87' lang='lat' dir='ltr'><strong>Etiam</strong></span> <span class='ocrx_word' id='word_1_251' title='bbox 494 1551 682 1586; x_wconf 87' lang='lat' dir='ltr'><strong>Peniculus</strong></span> <span class='ocrx_word' id='word_1_252' title='bbox 708 1551 1018 1587; x_wconf 86' lang='lat' dir='ltr'><strong>Menaechmorum</strong></span> <span class='ocrx_word' id='word_1_253' title='bbox 1036 1552 1088 1595; x_wconf 73' lang='grc'><strong>29),</strong></span> <span class='ocrx_word' id='word_1_254' title='bbox 1116 1552 1272 1587; x_wconf 90' lang='lat' dir='ltr'><strong>homines</strong></span> <span class='ocrx_word' id='word_1_255' title='bbox 1290 1552 1382 1587; x_wconf 87' lang='lat' dir='ltr'><strong>circa</strong></span> <span class='ocrx_word' id='word_1_256' title='bbox 1397 1564 1591 1587; x_wconf 88' lang='lat' dir='ltr'><strong>sermonem</strong></span> <span class='ocrx_word' id='word_1_257' title='bbox 1618 1552 1833 1587; x_wconf 85' lang='lat' dir='ltr'><strong>insanientes</strong></span> 
     </span>
     <span class='ocr_line' id='line_1_25' title="bbox 167 1611 1832 1657; baseline 0.001 -12"><span class='ocrx_word' id='word_1_258' title='bbox 167 1611 350 1646; x_wconf 82' lang='lat' dir='ltr'><strong>cavillatur</strong></span> <span class='ocrx_word' id='word_1_259' title='bbox 388 1611 534 1656; x_wconf 85' lang='lat' dir='ltr'><strong>illosque</strong></span> <span class='ocrx_word' id='word_1_260' title='bbox 574 1612 695 1656; x_wconf 87' lang='lat' dir='ltr'><strong>carpit,</strong></span> <span class='ocrx_word' id='word_1_261' title='bbox 735 1611 794 1656; x_wconf 90' lang='lat' dir='ltr'><strong>qui</strong></span> <span class='ocrx_word' id='word_1_262' title='bbox 836 1612 870 1646; x_wconf 89' lang='lat' dir='ltr'><strong>in</strong></span> <span class='ocrx_word' id='word_1_263' title='bbox 911 1612 1058 1646; x_wconf 87' lang='lat' dir='ltr'><strong>comitiis</strong></span> <span class='ocrx_word' id='word_1_264' title='bbox 1085 1623 1236 1646; x_wconf 86' lang='lat' dir='ltr'><strong>amane</strong></span> <span class='ocrx_word' id='word_1_265' title='bbox 1262 1611 1308 1646; x_wconf 85' lang='lat' dir='ltr'><strong>ad</strong></span> <span class='ocrx_word' id='word_1_266' title='bbox 1342 1623 1524 1657; x_wconf 88' lang='lat' dir='ltr'><strong>vesperum</strong></span> <span class='ocrx_word' id='word_1_267' title='bbox 1563 1623 1705 1657; x_wconf 90' lang='lat' dir='ltr'><strong>operose</strong></span> <span class='ocrx_word' id='word_1_268' title='bbox 1745 1611 1832 1646; x_wconf 91' lang='lat' dir='ltr'><strong>nihil</strong></span> 
     </span>
     <span class='ocr_line' id='line_1_26' title="bbox 166 1670 1831 1717; baseline 0.001 -12"><span class='ocrx_word' id='word_1_269' title='bbox 166 1674 292 1717; x_wconf 79' lang='lat' dir='ltr'><strong>agunt3</strong></span> <span class='ocrx_word' id='word_1_270' title='bbox 319 1674 513 1706; x_wconf 85' lang='lat' dir='ltr'><strong>memoratu</strong></span> <span class='ocrx_word' id='word_1_271' title='bbox 540 1670 684 1716; x_wconf 84' lang='lat' dir='ltr'><strong>dignum</strong></span> <span class='ocrx_word' id='word_1_272' title='bbox 711 1674 765 1706; x_wconf 88' lang='lat' dir='ltr'><strong>est</strong></span> <span class='ocrx_word' id='word_1_273' title='bbox 790 1674 825 1706; x_wconf 88' lang='lat' dir='ltr'><strong>et</strong></span> <span class='ocrx_word' id='word_1_274' title='bbox 851 1683 966 1716; x_wconf 84' lang='lat' dir='ltr'><strong>grave,</strong></span> <span class='ocrx_word' id='word_1_275' title='bbox 992 1671 1087 1717; x_wconf 90' lang='lat' dir='ltr'><strong>quod</strong></span> <span class='ocrx_word' id='word_1_276' title='bbox 1112 1672 1287 1717; x_wconf 83' lang='lat' dir='ltr'><strong>parasitus</strong></span> <span class='ocrx_word' id='word_1_277' title='bbox 1327 1671 1492 1707; x_wconf 83' lang='lat' dir='ltr'><strong>Curculio</strong></span> <span class='ocrx_word' id='word_1_278' title='bbox 1531 1671 1574 1714; x_wconf 86' lang='lat' dir='ltr'><strong>de</strong></span> <span class='ocrx_word' id='word_1_279' title='bbox 1600 1671 1831 1707; x_wconf 89' lang='lat' dir='ltr'><strong>ocullionibus</strong></span> 
     </span>
     <span class='ocr_line' id='line_1_27' title="bbox 167 1731 1067 1776; baseline 0 -10"><span class='ocrx_word' id='word_1_280' title='bbox 167 1731 329 1776; x_wconf 86' lang='lat' dir='ltr'><strong>loquitur,</strong></span> <span class='ocrx_word' id='word_1_281' title='bbox 356 1742 503 1776; x_wconf 90' lang='lat' dir='ltr'><strong>quorum</strong></span> <span class='ocrx_word' id='word_1_282' title='bbox 529 1743 605 1765; x_wconf 89' lang='lat' dir='ltr'><strong>mos</strong></span> <span class='ocrx_word' id='word_1_283' title='bbox 631 1743 771 1776; x_wconf 86' lang='lat' dir='ltr'><strong>prorsus</strong></span> <span class='ocrx_word' id='word_1_284' title='bbox 797 1731 979 1765; x_wconf 85' lang='lat' dir='ltr'><strong>Romanus</strong></span> <span class='ocrx_word' id='word_1_285' title='bbox 1006 1734 1067 1766; x_wconf 86' lang='lat' dir='ltr'><strong>est.</strong></span> 
     </span>
    </p>

    <p class='ocr_par' dir='ltr' id='par_1_5' title="bbox 169 1790 1832 2075">
     <span class='ocr_line' id='line_1_28' title="bbox 287 1790 1832 1836; baseline 0 -11"><span class='ocrx_word' id='word_1_286' title='bbox 287 1791 344 1826; x_wconf 84' lang='lat' dir='ltr'><strong>Ex</strong></span> <span class='ocrx_word' id='word_1_287' title='bbox 370 1791 424 1826; x_wconf 90' lang='lat' dir='ltr'><strong>his</strong></span> <span class='ocrx_word' id='word_1_288' title='bbox 451 1794 556 1836; x_wconf 87' lang='lat' dir='ltr'><strong>atque</strong></span> <span class='ocrx_word' id='word_1_289' title='bbox 583 1790 659 1825; x_wconf 88' lang='lat' dir='ltr'><strong>aliis</strong></span> <span class='ocrx_word' id='word_1_290' title='bbox 687 1790 843 1826; x_wconf 87' lang='lat' dir='ltr'><strong>videmus</strong></span> <span class='ocrx_word' id='word_1_291' title='bbox 869 1790 1036 1826; x_wconf 90' lang='lat' dir='ltr'><strong>Plautum</strong></span> <span class='ocrx_word' id='word_1_292' title='bbox 1063 1803 1133 1825; x_wconf 89' lang='grc'><strong>11011</strong></span> <span class='ocrx_word' id='word_1_293' title='bbox 1161 1790 1273 1826; x_wconf 88' lang='grc'><strong>30111111</strong></span> <span class='ocrx_word' id='word_1_294' title='bbox 1312 1790 1467 1827; x_wconf 86' lang='lat' dir='ltr'><strong>Graecos</strong></span> <span class='ocrx_word' id='word_1_295' title='bbox 1493 1802 1606 1829; x_wconf 76' lang='lat' dir='ltr'><strong>mores</strong></span> <span class='ocrx_word' id='word_1_296' title='bbox 1631 1790 1832 1836; x_wconf 86' lang='lat' dir='ltr'><strong>repudiasse</strong></span> 
     </span>
     <span class='ocr_line' id='line_1_29' title="bbox 169 1850 1830 1896; baseline 0 -11"><span class='ocrx_word' id='word_1_297' title='bbox 169 1863 295 1896; x_wconf 88' lang='lat' dir='ltr'><strong>eosque</strong></span> <span class='ocrx_word' id='word_1_298' title='bbox 323 1863 401 1885; x_wconf 85' lang='lat' dir='ltr'><strong>cum</strong></span> <span class='ocrx_word' id='word_1_299' title='bbox 428 1850 599 1885; x_wconf 87' lang='lat' dir='ltr'><strong>Romanis</strong></span> <span class='ocrx_word' id='word_1_300' title='bbox 625 1850 885 1886; x_wconf 88' lang='lat' dir='ltr'><strong>condicionibus</strong></span> <span class='ocrx_word' id='word_1_301' title='bbox 912 1851 1109 1890; x_wconf 82' lang='lat' dir='ltr'><strong>mutavisse.</strong></span> <span class='ocrx_word' id='word_1_302' title='bbox 1136 1850 1197 1885; x_wconf 91' lang='lat' dir='ltr'><strong>sed</strong></span> <span class='ocrx_word' id='word_1_303' title='bbox 1223 1851 1329 1885; x_wconf 85' lang='lat' dir='ltr'><strong>etiam</strong></span> <span class='ocrx_word' id='word_1_304' title='bbox 1356 1854 1396 1885; x_wconf 89' lang='lat' dir='ltr'><strong>ut</strong></span> <span class='ocrx_word' id='word_1_305' title='bbox 1421 1862 1440 1885; x_wconf 90' lang='grc'><strong>6</strong></span> <span class='ocrx_word' id='word_1_306' title='bbox 1461 1850 1537 1885; x_wconf 88' lang='grc'><strong>1000</strong></span> <span class='ocrx_word' id='word_1_307' title='bbox 1563 1850 1714 1895; x_wconf 87' lang='lat' dir='ltr'><strong>quodam</strong></span> <span class='ocrx_word' id='word_1_308' title='bbox 1742 1850 1830 1886; x_wconf 86' lang='lat' dir='ltr'><strong>Our-</strong></span> 
     </span>
     <span class='ocr_line' id='line_1_30' title="bbox 169 1909 1832 1955; baseline 0 -11"><span class='ocrx_word' id='word_1_309' title='bbox 169 1910 373 1953; x_wconf 75' lang='lat' dir='ltr'><strong>cunonis-³⁰)</strong></span> <span class='ocrx_word' id='word_1_310' title='bbox 400 1910 530 1955; x_wconf 83' lang='lat' dir='ltr'><strong>optime</strong></span> <span class='ocrx_word' id='word_1_311' title='bbox 557 1909 801 1954; x_wconf 82' lang='lat' dir='ltr'><strong>intellegimus,</strong></span> <span class='ocrx_word' id='word_1_312' title='bbox 826 1913 980 1955; x_wconf 33' lang='lat' dir='ltr'><strong>,poetam</strong></span> <span class='ocrx_word' id='word_1_313' title='bbox 1022 1910 1145 1945; x_wconf 90' lang='lat' dir='ltr'><strong>humili</strong></span> <span class='ocrx_word' id='word_1_314' title='bbox 1172 1910 1247 1944; x_wconf 91' lang='lat' dir='ltr'><strong>loco</strong></span> <span class='ocrx_word' id='word_1_315' title='bbox 1286 1913 1418 1953; x_wconf 88' lang='lat' dir='ltr'><strong>natum,</strong></span> <span class='ocrx_word' id='word_1_316' title='bbox 1444 1910 1549 1944; x_wconf 88' lang='lat' dir='ltr'><strong>etiam</strong></span> <span class='ocrx_word' id='word_1_317' title='bbox 1576 1909 1719 1953; x_wconf 90' lang='lat' dir='ltr'><strong>nobiles,</strong></span> <span class='ocrx_word' id='word_1_318' title='bbox 1745 1922 1832 1955; x_wconf 90' lang='lat' dir='ltr'><strong>quos</strong></span> 
     </span>
     <span class='ocr_line' id='line_1_31' title="bbox 171 1968 1832 2022; baseline 0 -18"><span class='ocrx_word' id='word_1_319' title='bbox 171 1969 299 2004; x_wconf 83' lang='lat' dir='ltr'><strong>Graeci</strong></span> <span class='ocrx_word' id='word_1_320' title='bbox 325 1969 518 2015; x_wconf 77' lang='lat' dir='ltr'><strong>scriptores,</strong></span> <span class='ocrx_word' id='word_1_321' title='bbox 544 1972 584 2004; x_wconf 89' lang='lat' dir='ltr'><strong>ut</strong></span> <span class='ocrx_word' id='word_1_322' title='bbox 610 1968 816 2013; x_wconf 89' lang='lat' dir='ltr'><strong>Menander,</strong></span> <span class='ocrx_word' id='word_1_323' title='bbox 842 1969 982 2014; x_wconf 89' lang='lat' dir='ltr'><strong>plurimi</strong></span> <span class='ocrx_word' id='word_1_324' title='bbox 1022 1969 1295 2004; x_wconf 88' lang='lat' dir='ltr'><strong>aestimaverunt</strong></span> <span class='ocrx_word' id='word_1_325' title='bbox 1319 1968 1443 2022; x_wconf 68' lang='lat' dir='ltr'><strong>odisse,</strong></span> <span class='ocrx_word' id='word_1_326' title='bbox 1482 1981 1587 2014; x_wconf 85' lang='lat' dir='ltr'><strong>quam</strong></span> <span class='ocrx_word' id='word_1_327' title='bbox 1622 1969 1832 2004; x_wconf 86' lang='lat' dir='ltr'><strong>sententiam</strong></span> 
     </span>
     <span class='ocr_line' id='line_1_32' title="bbox 170 2029 1553 2075; baseline -0.001 -11"><span class='ocrx_word' id='word_1_328' title='bbox 170 2040 240 2064; x_wconf 92' lang='lat' dir='ltr'><strong>uno</strong></span> <span class='ocrx_word' id='word_1_329' title='bbox 266 2029 342 2064; x_wconf 90' lang='lat' dir='ltr'><strong>loco</strong></span> <span class='ocrx_word' id='word_1_330' title='bbox 369 2029 518 2073; x_wconf 81' lang='lat' dir='ltr'><strong>fabulae,</strong></span> <span class='ocrx_word' id='word_1_331' title='bbox 544 2041 634 2075; x_wconf 88' lang='lat' dir='ltr'><strong>quae</strong></span> <span class='ocrx_word' id='word_1_332' title='bbox 662 2029 804 2065; x_wconf 84' lang='lat' dir='ltr'><strong>Stichus</strong></span> <span class='ocrx_word' id='word_1_333' title='bbox 830 2029 1038 2074; x_wconf 81' lang='lat' dir='ltr'><strong>inscribitur,</strong></span> <span class='ocrx_word' id='word_1_334' title='bbox 1066 2029 1272 2064; x_wconf 86' lang='lat' dir='ltr'><strong>confirmare</strong></span> <span class='ocrx_word' id='word_1_335' title='bbox 1298 2041 1482 2075; x_wconf 88' lang='lat' dir='ltr'><strong>possumus</strong></span> <span class='ocrx_word' id='word_1_336' title='bbox 1502 2029 1553 2073; x_wconf 83' lang='lat'>³¹).</span> 
     </span>
    </p>

    <p class='ocr_par' dir='ltr' id='par_1_6' title="bbox 168 2088 1833 2194">
     <span class='ocr_line' id='line_1_33' title="bbox 290 2088 1833 2134; baseline 0 -11"><span class='ocrx_word' id='word_1_337' title='bbox 290 2089 416 2133; x_wconf 87' lang='lat' dir='ltr'><strong>Itaque</strong></span> <span class='ocrx_word' id='word_1_338' title='bbox 443 2101 486 2123; x_wconf 87' lang='lat' dir='ltr'><strong>ex</strong></span> <span class='ocrx_word' id='word_1_339' title='bbox 511 2089 665 2134; x_wconf 90' lang='lat' dir='ltr'><strong>parasito</strong></span> <span class='ocrx_word' id='word_1_340' title='bbox 705 2088 843 2125; x_wconf 81' lang='lat' dir='ltr'><strong>Graeco</strong></span> <span class='ocrx_word' id='word_1_341' title='bbox 882 2089 1065 2124; x_wconf 88' lang='lat' dir='ltr'><strong>Romanus</strong></span> <span class='ocrx_word' id='word_1_342' title='bbox 1106 2089 1219 2124; x_wconf 87' lang='lat' dir='ltr'><strong>factus</strong></span> <span class='ocrx_word' id='word_1_343' title='bbox 1258 2092 1311 2124; x_wconf 91' lang='lat' dir='ltr'><strong>est</strong></span> <span class='ocrx_word' id='word_1_344' title='bbox 1336 2091 1372 2124; x_wconf 93' lang='lat' dir='ltr'><strong>et</strong></span> <span class='ocrx_word' id='word_1_345' title='bbox 1396 2088 1505 2134; x_wconf 89' lang='lat' dir='ltr'><strong>plebs,</strong></span> <span class='ocrx_word' id='word_1_346' title='bbox 1544 2100 1634 2134; x_wconf 90' lang='lat' dir='ltr'><strong>quae</strong></span> <span class='ocrx_word' id='word_1_347' title='bbox 1661 2100 1833 2134; x_wconf 88' lang='lat' dir='ltr'><strong>propensa</strong></span> 
     </span>
     <span class='ocr_line' id='line_1_34' title="bbox 168 2148 1521 2194; baseline 0.001 -11"><span class='ocrx_word' id='word_1_348' title='bbox 168 2152 244 2184; x_wconf 91' lang='lat' dir='ltr'><strong>erat</strong></span> <span class='ocrx_word' id='word_1_349' title='bbox 270 2148 316 2183; x_wconf 86' lang='lat' dir='ltr'><strong>ad</strong></span> <span class='ocrx_word' id='word_1_350' title='bbox 343 2148 547 2194; x_wconf 84' lang='lat' dir='ltr'><strong>voluptates,</strong></span> <span class='ocrx_word' id='word_1_351' title='bbox 575 2148 727 2183; x_wconf 85' lang='lat' dir='ltr'><strong>alienum</strong></span> <span class='ocrx_word' id='word_1_352' title='bbox 754 2148 869 2183; x_wconf 80' lang='lat' dir='ltr'><strong>locuni</strong></span> <span class='ocrx_word' id='word_1_353' title='bbox 896 2161 966 2183; x_wconf 90' lang='grc'><strong>11011</strong></span> <span class='ocrx_word' id='word_1_354' title='bbox 993 2148 1241 2184; x_wconf 88' lang='lat' dir='ltr'><strong>animadvertit</strong></span> <span class='ocrx_word' id='word_1_355' title='bbox 1266 2160 1378 2194; x_wconf 87' lang='lat' dir='ltr'><strong>neque</strong></span> <span class='ocrx_word' id='word_1_356' title='bbox 1405 2148 1521 2184; x_wconf 86' lang='lat' dir='ltr'><strong>voluit.</strong></span> 
     </span>
    </p>
   </div>
   <div class='ocr_carea' id='block_1_4' title="bbox 678 2268 1327 2325">
    <p class='ocr_par' dir='ltr' id='par_1_7' title="bbox 678 2268 1327 2325">
     <span class='ocr_line' id='line_1_35' title="bbox 678 2268 1327 2325; baseline 0 -13"><span class='ocrx_word' id='word_1_357' title='bbox 678 2270 702 2321; x_wconf 64' lang='grc' dir='ltr'>ξ</span> <span class='ocrx_word' id='word_1_358' title='bbox 734 2268 818 2313; x_wconf 85' lang='grc' dir='ltr'><strong>ΙΧ.</strong></span> <span class='ocrx_word' id='word_1_359' title='bbox 851 2268 1060 2314; x_wconf 80' lang='lat' dir='ltr'><strong>Milites</strong></span> <span class='ocrx_word' id='word_1_360' title='bbox 1101 2268 1327 2325; x_wconf 77' lang='lat' dir='ltr'><strong>gloriosi.</strong></span> 
     </span>
    </p>
   </div>
   <div class='ocr_carea' id='block_1_5' title="bbox 169 2365 1833 2532">
    <p class='ocr_par' dir='ltr' id='par_1_8' title="bbox 169 2365 1833 2532">
     <span class='ocr_line' id='line_1_36' title="bbox 288 2365 1833 2413; baseline -0.001 -11"><span class='ocrx_word' id='word_1_361' title='bbox 288 2367 473 2413; x_wconf 89' lang='lat' dir='ltr'><strong>Proprium</strong></span> <span class='ocrx_word' id='word_1_362' title='bbox 500 2370 553 2401; x_wconf 88' lang='lat' dir='ltr'><strong>est</strong></span> <span class='ocrx_word' id='word_1_363' title='bbox 579 2379 688 2412; x_wconf 88' lang='lat' dir='ltr'><strong>genus</strong></span> <span class='ocrx_word' id='word_1_364' title='bbox 714 2367 833 2402; x_wconf 86' lang='lat' dir='ltr'><strong>militis</strong></span> <span class='ocrx_word' id='word_1_365' title='bbox 860 2367 997 2412; x_wconf 86' lang='lat' dir='ltr'><strong>gloriosi</strong></span> <span class='ocrx_word' id='word_1_366' title='bbox 1025 2368 1120 2413; x_wconf 87' lang='lat' dir='ltr'><strong>apud</strong></span> <span class='ocrx_word' id='word_1_367' title='bbox 1145 2367 1322 2402; x_wconf 84' lang='lat' dir='ltr'><strong>Plautum.</strong></span> <span class='ocrx_word' id='word_1_368' title='bbox 1364 2366 1462 2402; x_wconf 92' lang='lat' dir='ltr'><strong>Dum</strong></span> <span class='ocrx_word' id='word_1_369' title='bbox 1489 2366 1558 2410; x_wconf 86' lang='lat' dir='ltr'><strong>alii,</strong></span> <span class='ocrx_word' id='word_1_370' title='bbox 1584 2370 1624 2401; x_wconf 94' lang='lat' dir='ltr'><strong>ut</strong></span> <span class='ocrx_word' id='word_1_371' title='bbox 1649 2365 1833 2402; x_wconf 85' lang='lat' dir='ltr'><strong>Terentius</strong></span> 
     </span>
     <span class='ocr_line' id='line_1_37' title="bbox 170 2425 1831 2471; baseline -0.001 -8"><span class='ocrx_word' id='word_1_372' title='bbox 170 2427 347 2463; x_wconf 87' lang='lat' dir='ltr'><strong>Lucianus</strong></span> <span class='ocrx_word' id='word_1_373' title='bbox 387 2430 450 2462; x_wconf 88' lang='lat' dir='ltr'><strong>etc.</strong></span> <span class='ocrx_word' id='word_1_374' title='bbox 491 2438 743 2471; x_wconf 80' lang='lat' dir='ltr'><strong>nonnunquam</strong></span> <span class='ocrx_word' id='word_1_375' title='bbox 783 2426 921 2471; x_wconf 83' lang='lat' dir='ltr'><strong>longius</strong></span> <span class='ocrx_word' id='word_1_376' title='bbox 948 2426 992 2460; x_wconf 88' lang='lat' dir='ltr'><strong>ab</strong></span> <span class='ocrx_word' id='word_1_377' title='bbox 1019 2427 1188 2471; x_wconf 86' lang='lat' dir='ltr'><strong>exemptis</strong></span> <span class='ocrx_word' id='word_1_378' title='bbox 1216 2425 1364 2461; x_wconf 84' lang='lat' dir='ltr'><strong>Graecis</strong></span> <span class='ocrx_word' id='word_1_379' title='bbox 1389 2426 1603 2467; x_wconf 85' lang='lat' dir='ltr'><strong>recesserint,</strong></span> <span class='ocrx_word' id='word_1_380' title='bbox 1628 2426 1777 2461; x_wconf 89' lang='lat' dir='ltr'><strong>Plautus</strong></span> <span class='ocrx_word' id='word_1_381' title='bbox 1795 2426 1831 2461; x_wconf 90' lang='lat' dir='ltr'><strong>id</strong></span> 
     </span>
     <span class='ocr_line' id='line_1_38' title="bbox 169 2485 1829 2532; baseline 0 -11"><span class='ocrx_word' id='word_1_382' title='bbox 169 2487 281 2522; x_wconf 85' lang='lat' dir='ltr'><strong>solum</strong></span> <span class='ocrx_word' id='word_1_383' title='bbox 307 2486 388 2532; x_wconf 85' lang='lat' dir='ltr'><strong>egit,</strong></span> <span class='ocrx_word' id='word_1_384' title='bbox 430 2489 469 2521; x_wconf 94' lang='lat' dir='ltr'><strong>ut</strong></span> <span class='ocrx_word' id='word_1_385' title='bbox 495 2498 517 2521; x_wconf 89' lang='lat' dir='ltr'><strong>a</strong></span> <span class='ocrx_word' id='word_1_386' title='bbox 543 2485 644 2532; x_wconf 90' lang='lat' dir='ltr'><strong>plebe</strong></span> <span class='ocrx_word' id='word_1_387' title='bbox 683 2485 888 2521; x_wconf 86' lang='lat' dir='ltr'><strong>laudaretur</strong></span> <span class='ocrx_word' id='word_1_388' title='bbox 926 2489 961 2521; x_wconf 86' lang='lat' dir='ltr'><strong>et</strong></span> <span class='ocrx_word' id='word_1_389' title='bbox 1000 2498 1069 2521; x_wconf 92' lang='grc'><strong>11011</strong></span> <span class='ocrx_word' id='word_1_390' title='bbox 1110 2485 1325 2531; x_wconf 87' lang='lat' dir='ltr'><strong>probaretur,</strong></span> <span class='ocrx_word' id='word_1_391' title='bbox 1365 2498 1471 2531; x_wconf 87' lang='lat' dir='ltr'><strong>quare</strong></span> <span class='ocrx_word' id='word_1_392' title='bbox 1511 2486 1584 2521; x_wconf 89' lang='lat' dir='ltr'><strong>sine</strong></span> <span class='ocrx_word' id='word_1_393' title='bbox 1623 2486 1829 2531; x_wconf 87' lang='lat' dir='ltr'><strong>cuiusquam</strong></span> 
     </span>
    </p>
   </div>
   <div class='ocr_carea' id='block_1_6' title="bbox 170 2557 348 2561">
    <p class='ocr_par' dir='ltr' id='par_1_9' title="bbox 170 2557 348 2561">
     <span class='ocr_line' id='line_1_39' title="bbox 170 2557 348 2561; baseline 0 0"><span class='ocrx_word' id='word_1_394' title='bbox 170 2557 348 2561; x_wconf 95' lang='lat' dir='ltr'><strong> </strong></span> 
     </span>
    </p>
   </div>
   <div class='ocr_carea' id='block_1_7' title="bbox 350 2557 526 2561">
    <p class='ocr_par' dir='ltr' id='par_1_10' title="bbox 350 2557 526 2561">
     <span class='ocr_line' id='line_1_40' title="bbox 350 2557 526 2561; baseline 0 0"><span class='ocrx_word' id='word_1_395' title='bbox 350 2557 526 2561; x_wconf 95' lang='lat' dir='ltr'><strong> </strong></span> 
     </span>
    </p>
   </div>
   <div class='ocr_carea' id='block_1_8' title="bbox 290 2595 1606 2912">
    <p class='ocr_par' dir='ltr' id='par_1_11' title="bbox 292 2595 459 2614">
     <span class='ocr_line' id='line_1_41' title="bbox 292 2595 459 2614; baseline -0.006 0"><span class='ocrx_word' id='word_1_396' title='bbox 292 2597 316 2614; x_wconf 66' lang='lat'><strong>1⁶</strong></span> <span class='ocrx_word' id='word_1_397' title='bbox 364 2595 370 2607; x_wconf 74' lang='lat'><strong>¹</strong></span> <span class='ocrx_word' id='word_1_398' title='bbox 425 2595 430 2601; x_wconf 71' lang='lat'><em>⁶</em></span> <span class='ocrx_word' id='word_1_399' title='bbox 444 2595 459 2613; x_wconf 60' lang='grc' dir='ltr'><strong>γ’</strong></span> 
     </span>
    </p>

    <p class='ocr_par' dir='ltr' id='par_1_12' title="bbox 292 2595 1250 2675">
     <span class='ocr_line' id='line_1_42' title="bbox 292 2595 1250 2675; baseline -0.001 -10"><span class='ocrx_word' id='word_1_400' title='bbox 292 2597 328 2672; x_wconf 55' lang='lat'><strong>¹⁷3</strong></span> <span class='ocrx_word' id='word_1_401' title='bbox 348 2595 577 2675; x_wconf 50' lang='lat' dir='ltr'><strong>iggitldpsdiizint,</strong></span> <span class='ocrx_word' id='word_1_402' title='bbox 601 2645 674 2674; x_wconf 77' lang='lat' dir='ltr'><strong>qnae</strong></span> <span class='ocrx_word' id='word_1_403' title='bbox 696 2635 886 2674; x_wconf 80' lang='lat' dir='ltr'><strong>parasitorum</strong></span> <span class='ocrx_word' id='word_1_404' title='bbox 909 2637 993 2665; x_wconf 83' lang='lat' dir='ltr'><strong>antea</strong></span> <span class='ocrx_word' id='word_1_405' title='bbox 1014 2637 1077 2664; x_wconf 74' lang='lat' dir='ltr'><strong>orat</strong></span> <span class='ocrx_word' id='word_1_406' title='bbox 1097 2634 1250 2674; x_wconf 83' lang='lat' dir='ltr'><strong>provincia.</strong></span> 
     </span>
    </p>

    <p class='ocr_par' dir='ltr' id='par_1_13' title="bbox 292 2676 707 2712">
     <span class='ocr_line' id='line_1_43' title="bbox 292 2676 707 2712; baseline 0 -7"><span class='ocrx_word' id='word_1_407' title='bbox 292 2678 328 2712; x_wconf 82' lang='lat'><strong>¹⁸)</strong></span> <span class='ocrx_word' id='word_1_408' title='bbox 350 2676 528 2705; x_wconf 82' lang='lat' dir='ltr'><strong>Menaechmi</strong></span> <span class='ocrx_word' id='word_1_409' title='bbox 550 2676 616 2708; x_wconf 76' lang='lat'><strong>222.</strong></span> <span class='ocrx_word' id='word_1_410' title='bbox 639 2676 707 2705; x_wconf 86' lang='grc'>223.</span> 
     </span>
    </p>

    <p class='ocr_par' dir='ltr' id='par_1_14' title="bbox 291 2713 1606 2791">
     <span class='ocr_line' id='line_1_44' title="bbox 291 2713 1606 2754; baseline 0.001 -10"><span class='ocrx_word' id='word_1_411' title='bbox 291 2718 335 2751; x_wconf 81' lang='lat'><strong>¹⁹),</strong></span> <span class='ocrx_word' id='word_1_412' title='bbox 359 2717 404 2751; x_wconf 76' lang='lat'><strong>²⁰),</strong></span> <span class='ocrx_word' id='word_1_413' title='bbox 428 2717 472 2751; x_wconf 79' lang='grc' dir='ltr'><strong>ἰ),</strong></span> <span class='ocrx_word' id='word_1_414' title='bbox 496 2717 541 2751; x_wconf 76' lang='lat'><strong>¹¹),</strong></span> <span class='ocrx_word' id='word_1_415' title='bbox 565 2717 610 2752; x_wconf 76' lang='lat'><strong>²³),</strong></span> <span class='ocrx_word' id='word_1_416' title='bbox 634 2717 679 2752; x_wconf 74' lang='lat'><strong>¹⁴),</strong></span> <span class='ocrx_word' id='word_1_417' title='bbox 703 2716 747 2752; x_wconf 77' lang='lat'><strong>²⁵),</strong></span> <span class='ocrx_word' id='word_1_418' title='bbox 771 2717 816 2751; x_wconf 73' lang='lat'><strong>²⁰),</strong></span> <span class='ocrx_word' id='word_1_419' title='bbox 840 2716 876 2751; x_wconf 80' lang='lat'><strong>²⁷)</strong></span> <span class='ocrx_word' id='word_1_420' title='bbox 899 2715 1011 2754; x_wconf 80' lang='lat' dir='ltr'><strong>Captivi</strong></span> <span class='ocrx_word' id='word_1_421' title='bbox 1034 2715 1087 2751; x_wconf 81' lang='lat'><strong>89;</strong></span> <span class='ocrx_word' id='word_1_422' title='bbox 1111 2715 1185 2751; x_wconf 87' lang='lat'>490;</span> <span class='ocrx_word' id='word_1_423' title='bbox 1207 2715 1280 2751; x_wconf 80' lang='lat'>494;</span> <span class='ocrx_word' id='word_1_424' title='bbox 1302 2713 1358 2744; x_wconf 85' lang='lat'><strong>807</strong></span> <span class='ocrx_word' id='word_1_425' title='bbox 1381 2716 1452 2751; x_wconf 84' lang='lat' dir='ltr'><strong>etc.;</strong></span> <span class='ocrx_word' id='word_1_426' title='bbox 1475 2715 1532 2744; x_wconf 88' lang='grc'><strong>885</strong></span> <span class='ocrx_word' id='word_1_427' title='bbox 1553 2717 1606 2745; x_wconf 80' lang='lat' dir='ltr'><strong>etc.</strong></span> 
     </span>
     <span class='ocr_line' id='line_1_45' title="bbox 291 2756 554 2791; baseline 0 -6"><span class='ocrx_word' id='word_1_428' title='bbox 291 2757 328 2791; x_wconf 79' lang='lat'><strong>¹⁸)</strong></span> <span class='ocrx_word' id='word_1_429' title='bbox 349 2756 466 2785; x_wconf 87' lang='lat' dir='ltr'><strong>Stichus</strong></span> <span class='ocrx_word' id='word_1_430' title='bbox 490 2756 554 2785; x_wconf 84' lang='lat'>105.</span> 
     </span>
    </p>

    <p class='ocr_par' dir='ltr' id='par_1_15' title="bbox 291 2796 514 2831">
     <span class='ocr_line' id='line_1_46' title="bbox 291 2796 514 2831; baseline 0 -7"><span class='ocrx_word' id='word_1_431' title='bbox 291 2797 328 2831; x_wconf 80' lang='lat'><strong>²⁹)</strong></span> <span class='ocrx_word' id='word_1_432' title='bbox 349 2796 424 2825; x_wconf 84' lang='lat' dir='ltr'><strong>Men.</strong></span> <span class='ocrx_word' id='word_1_433' title='bbox 448 2796 514 2825; x_wconf 83' lang='lat'>320.</span> 
     </span>
    </p>

    <p class='ocr_par' dir='ltr' id='par_1_16' title="bbox 290 2835 567 2870">
     <span class='ocr_line' id='line_1_47' title="bbox 290 2835 567 2870; baseline 0 -6"><span class='ocrx_word' id='word_1_434' title='bbox 290 2837 327 2870; x_wconf 82' lang='lat'><strong>³⁰)</strong></span> <span class='ocrx_word' id='word_1_435' title='bbox 348 2835 479 2864; x_wconf 84' lang='lat' dir='ltr'><strong>Curculio</strong></span> <span class='ocrx_word' id='word_1_436' title='bbox 501 2835 567 2864; x_wconf 85' lang='lat'>307.</span> 
     </span>
    </p>

    <p class='ocr_par' dir='ltr' id='par_1_17' title="bbox 291 2875 558 2912">
     <span class='ocr_line' id='line_1_48' title="bbox 291 2875 558 2912; baseline 0 -8"><span class='ocrx_word' id='word_1_437' title='bbox 291 2876 328 2912; x_wconf 77' lang='lat'><strong>³¹)</strong></span> <span class='ocrx_word' id='word_1_438' title='bbox 350 2875 468 2904; x_wconf 76' lang='lat' dir='ltr'><strong>Stichus</strong></span> <span class='ocrx_word' id='word_1_439' title='bbox 492 2875 558 2904; x_wconf 88' lang='lat'>119.</span> 
     </span>
    </p>
   </div>
   <div class='ocr_carea' id='block_1_9' title="bbox 1783 0 1951 93">
    <p class='ocr_par' dir='ltr' id='par_1_18' title="bbox 1783 0 1951 93">
     <span class='ocr_line' id='line_1_49' title="bbox 1830 0 1951 62; baseline 0.021 -34.574"><span class='ocrx_word' id='word_1_440' title='bbox 1810 0 1929 32; x_wconf 57' lang='lat'><strong>260*</strong></span> <span class='ocrx_word' id='word_1_441' title='bbox 1942 0 1951 62; x_wconf 70' lang='grc'><strong>1</strong></span> 
     </span>
     <span class='ocr_line' id='line_1_50' title="bbox 1783 50 1951 93; baseline 0 -18"><span class='ocrx_word' id='word_1_442' title='bbox 1783 68 1789 75; x_wconf 73' lang='lat' dir='ltr'><strong>r</strong></span> <span class='ocrx_word' id='word_1_443' title='bbox 1864 80 1868 81; x_wconf 36' lang='lat'><em>⁷</em></span> <span class='ocrx_word' id='word_1_444' title='bbox 1881 65 1885 68; x_wconf 67' lang='lat'>&#39;</span> <span class='ocrx_word' id='word_1_445' title='bbox 1910 50 1914 53; x_wconf 55' lang='grc'><em>.</em></span> <span class='ocrx_word' id='word_1_446' title='bbox 1948 67 1951 93; x_wconf 62' lang='grc'><strong>1</strong></span> 
     </span>
    </p>
   </div>
  </div>
 </body>
</html>
