1951 3040
1718 120 1770 160 27

104 229 325 277 temporibus
338 221 373 268 'a
398 231 583 279 gynaeeeis
609 230 757 269 Graecis
782 233 925 270 omnino
958 233 1096 275 abesset
1133 236 1315 270 matronae
1355 233 1597 270 Romanorum
1635 247 1772 271 summo

110 290 189 327 loco
226 290 333 328 natae
370 291 608 338 voluptatibus
648 293 801 340 corporis
840 293 929 330 adeo
967 297 1068 330 erant
1104 293 1254 339 deditae,
1280 297 1320 330 ut
1345 293 1447 330 facile
1472 294 1627 342 intellegi
1653 296 1773 342 possit,

111 362 222 397 quam
243 350 374 388 dissoni
399 355 517 388 essent
541 363 655 389 mores
680 353 863 400 cultusque
889 354 1068 400 utriusque
1094 354 1214 401 populi
1234 355 1268 399 ¹).

159 406 164 410 ’
232 410 396 448 Ceterum
435 424 548 448 mores
586 411 827 449 Romanorum
865 416 1045 459 tamquam
1083 414 1118 449 in
1157 414 1336 461 speculum
1375 414 1565 461 inspiciunt
1594 415 1629 450 in
1656 427 1771 452 mores

113 463 330 507 Graecorum
355 471 422 517 qui'
441 471 477 506 in
503 471 678 508 Plautinis
704 475 767 507 aut
791 472 825 507 in
853 472 1073 509 Terentianis
1098 474 1226 509 fabulis
1251 474 1503 518 describuntur,
1530 478 1635 520 atque
1661 487 1704 510 ex
1729 475 1771 510 iis

110 530 176 567 sibi
201 530 364 577 exempla
402 534 562 576 sumunt3
602 534 758 567 attamen
797 531 941 569 virtutes
978 533 1085 569 animi
1124 533 1280 569 diversae
1306 536 1342 569 et
1367 533 1518 579 impares
1543 537 1633 569 sunt.
1668 533 1770 581 Quae

107 590 353 626 dissimilitudo
379 590 415 625 in
441 591 643 626 diversitate
668 591 785 637 legum
812 592 880 627 sita
905 596 966 628 est.
993 593 1045 628 Ut
1069 593 1162 629 enim
1180 593 1263 629 civis
1289 593 1453 628 Romana
1491 593 1638 629 multam
1675 598 1772 640 pote-

106 652 234 686 statem
260 649 382 686 habuit
401 650 436 685 in
454 650 618 686 maritum
644 651 853 696 vindicandi,
878 652 938 698 qui
964 652 998 687 in
1026 656 1146 699 stupro
1172 656 1369 699 compertus
1396 656 1472 688 erat
1492 675 1536 678 —
1555 653 1605 688 ita
1630 653 1771 699 quidem

106 723 125 746 e
151 710 269 746 multis
295 710 379 746 locis
405 710 630 756 cognovimus
659 733 704 737 —
731 712 780 747 sic
805 712 841 747 in
869 711 1021 749 Graecia
1046 713 1152 749 decus
1179 713 1303 748 domus
1329 716 1364 748 et
1389 712 1543 758 dignitas
1569 716 1666 748 certa
1689 713 1767 759 lege

107 772 246 806 servata
272 773 371 813 suntg,
408 769 487 805 ideo
513 770 618 806 etiam
645 782 770 807 novum
798 775 833 807 et
857 772 1053 808 inauditum
1091 775 1176 816 erat,
1216 772 1326 807 civem
1365 771 1621 807 Atheniensem
1660 785 1768 808 mere-

108 830 228 865 tricem
255 842 330 865 esse
357 830 495 865 factam.
523 829 656 866 Contra
693 830 855 867 Romana
894 832 1060 867 maiorem
1087 831 1283 867 libertatem
1309 832 1345 866 in
1372 831 1432 866 illo
1457 835 1606 877 quaestu
1632 832 1771 868 sordido

107 889 306 936 quaerebat,
332 889 423 925 ultro
449 889 493 924 de
531 890 605 925 iure
646 894 835 935 matronae,
875 891 1041 927 honestae
1077 891 1241 935 mulieris,
1280 891 1461 926 decedens.
1501 891 1603 926 Haec
1642 904 1767 927 renun—

107 949 215 993 tiatio,
256 950 354 985 cuius
393 950 497 985 etiam
537 951 688 996 vestigiis
726 954 803 986 erat
840 954 963 986 notata
1002 951 1173 995 meretrix,
1212 951 1267 986 cui
1306 963 1375 986 non
1402 950 1531 986 licebat
1555 950 1652 987 indui
1677 951 1768 987 stola

107 1009 260 1055 vittaque
286 1011 466 1044 matronae
492 1010 703 1045 ornamentis
729 1013 935 1056 tantumque
961 1011 1081 1045 tunica
1106 1011 1180 1045 sine
1205 1010 1327 1045 instita
1364 1014 1526 1056 togaque,
1552 1023 1643 1055 quae
1670 1023 1769 1046 voca-

107 1074 164 1114 tur
189 1069 393 1113 meretricia,
419 1081 460 1104 eo
485 1081 559 1104 rem
586 1069 742 1114 adduxit,
768 1074 808 1106 ut
835 1070 1032 1106 meretrices
1057 1070 1241 1105 Romanae
1268 1069 1415 1106 Graecis
1441 1069 1618 1106 inferiores
1644 1074 1771 1115 essent,

106 1143 196 1177 quae
222 1129 329 1165 nimio
355 1133 497 1176 sumptu
523 1133 558 1165 et
583 1130 751 1175 singulari
778 1130 1040 1176 magnificentia
1066 1130 1262 1176 prodibant.

227 1190 419 1235 Propterea
444 1189 538 1235 apud
580 1189 745 1224 Plautum
785 1190 1034 1225 amabilissima
1071 1194 1107 1225 et
1146 1191 1397 1225 iucundissima
1435 1191 1597 1225 meretrix
1633 1203 1770 1236 semper

109 1250 249 1288 Graeca
274 1249 357 1286 civis
383 1249 436 1285 vel
462 1248 623 1286 libertina
649 1253 709 1292 est,
748 1262 826 1285 cum
867 1249 910 1285 de
950 1250 1184 1285 meretricibus
1225 1250 1396 1285 Romanis
1437 1249 1602 1295 loquendi
1629 1250 1765 1285 occasio

107 1322 187 1345 rara
212 1309 385 1345 offeratur.
494 1349 502 1360 ⁶

226 1368 429 1404 Meretrices
455 1371 571 1403 autem
599 1366 766 1411 Graecae,
793 1380 812 1403 e
837 1371 991 1403 veterum
1017 1368 1203 1403 comoediis
1243 1368 1445 1411 translatae,
1484 1380 1597 1413 neque
1633 1369 1763 1413 ingenii

108 1440 219 1474 neque
245 1427 343 1463 cultu
368 1427 473 1462 animi
500 1427 541 1461 iis
567 1426 705 1470 cedunt,
746 1427 789 1461 de
828 1427 954 1472 quibus
995 1430 1127 1462 veteres
1166 1427 1278 1462 multa
1316 1432 1352 1461 et
1376 1427 1469 1462 bona
1510 1427 1761 1462 memorabant.

109 1487 294 1523 Phutiuae
321 1487 426 1532 igitur
449 1486 644 1521 meretrices
670 1486 793 1520 eadem
818 1486 963 1521 lascivia
987 1486 1232 1531 elegantiaque
1271 1486 1432 1520 omnibus
1472 1486 1562 1521 vitiis
1587 1486 1763 1521 omnibus-

105 1559 171 1593 que
197 1546 367 1582 illecebris
405 1546 601 1589 utebantur,
640 1545 830 1590 eademque
870 1546 997 1580 amoris
1036 1545 1170 1580 ratione
1210 1545 1292 1590 quin
1334 1545 1439 1580 etiam
1482 1545 1604 1580 eadem
1632 1546 1764 1590 magni·

106 1606 225 1642 tudine
251 1606 368 1642 animi.

224 1666 356 1702 Omnes
382 1666 578 1701 meretrices
603 1678 666 1711 pro
691 1665 841 1710 ingenio,
867 1678 929 1711 pro
956 1665 1052 1700 cultu
1081 1666 1187 1700 etiam
1210 1678 1271 1711 pro
1299 1665 1412 1709 rebus,
1438 1665 1471 1700 in
1501 1665 1626 1713 quibus
1653 1677 1765 1700 versa—

105 1726 241 1770 bantur,
266 1726 303 1761 in
329 1726 417 1761 duas
443 1728 560 1771 partes
586 1725 716 1760 divisae
742 1728 842 1768 sunt3
870 1724 960 1760 aliae
986 1725 1142 1760 advenae
1168 1725 1222 1760 vel
1247 1724 1430 1759 libertinae
1457 1725 1600 1760 clientes
1626 1725 1764 1759 eadem-

91 1797 172 1839 que
197 1784 506 1831 frequentissimae,
533 1784 623 1819 aliae
649 1787 767 1819 autem
793 1796 912 1820 servae
938 1784 1072 1819 lenonis
1100 1784 1154 1819 vel
1180 1784 1281 1819 lenae
1308 1784 1489 1819 cuiusdam
1515 1772 1606 1819 sunt.

224 1843 422 1880 Amborum
448 1844 608 1880 ordinum
634 1857 705 1879 non
743 1844 855 1880 solum
893 1844 1117 1880 servientium
1156 1844 1210 1879 vel
1248 1844 1352 1879 etiam
1393 1843 1632 1879 libertinarum
1673 1844 1764 1879 aliae

106 1908 187 1939 sunt
213 1904 344 1939 nobiles
370 1904 590 1949 ingenuoque
616 1904 742 1947 animo,
769 1904 859 1938 aliae
885 1903 1018 1948 flagitio
1044 1906 1080 1938 et
1105 1903 1305 1938 libidinibus
1345 1915 1478 1938 mersae
1520 1915 1658 1937 omnem
1701 1903 1762 1938 ho-

107 1964 193 1999 nesti
219 1977 359 1999 sensum
385 1964 585 2007 amiserunt,
610 1976 757 2008 quarum
785 1963 869 1999 vitia
895 1963 1052 2009 plurimis
1091 1963 1174 1998 locis
1215 1963 1376 2006 eminent,
1415 1966 1453 1998 ut
1493 1963 1526 1997 in
1555 1961 1724 2013 Asinaria
1739 1963 1765 2006 ²)

106 2023 140 2058 in
167 2016 401 2059 Bacchidibus
420 2023 443 2067 ³)
470 2022 547 2057 aliis
572 2022 667 2057 locis.

223 2083 364 2119 Divitiis
390 2083 484 2119 omni
510 2083 613 2118 modo
639 2083 789 2127 stutlent,
828 2095 911 2129 prae
950 2082 1075 2128 quibus
1115 2082 1233 2117 mimia
1272 2081 1426 2116 humana
1465 2085 1642 2128 spernunt.
1687 2081 1763 2117 [am

107 2141 226 2177 Petale
253 2142 347 2188 apud
373 2141 626 2187 Aleiphronenl
643 2143 689 2186 4);
720 2145 897 2187 »optarem
924 2142 1046 2188 inquit,
1066 2142 1213 2185 >domum
1242 2141 1430 2175 meretricis
1469 2141 1621 2175 lacrimis
1648 2142 1695 2175 ali
1724 2155 1765 2176 ac

106 2190 263 2238 sustineri
289 2214 407 2248 posse3
433 2205 508 2237 tum
534 2201 674 2237 demum
700 2201 851 2237 maximo
877 2200 1060 2247 splendore
1101 2201 1259 2244 viverem,
1298 2200 1463 2245 quoniam
1503 2212 1601 2236 mens
1628 2204 1765 2236 amator

107 2260 172 2296 illis
210 2274 265 2296 me
298 2260 394 2308 large
433 2261 608 2305 effuseque
648 2261 841 2303 condonat3
881 2264 918 2294 at
955 2273 1040 2294 auro
1066 2273 1153 2305 opus
1179 2263 1241 2302 est,
1277 2259 1416 2294 mundis
1455 2260 1617 2303 vestibus,
1644 2261 1763 2304 servis,

106 2320 247 2366 ancillis,
272 2320 460 2366 multisque
485 2320 573 2364 aliis,
599 2332 689 2366 quae
716 2322 834 2355 nostra
872 2319 942 2355 vita
978 2318 1124 2364 1)oscit«!
1165 2317 1267 2353 Talia
1293 2330 1336 2352 ea
1362 2321 1415 2353 est
1439 2318 1558 2353 locuta
1588 2319 1761 2363 meretrix,

107 2391 193 2422 quae
219 2393 348 2415 omnes.
374 2380 558 2415 Plautinas
584 2379 780 2414 meretrices
806 2379 944 2424 ingenio
971 2382 1076 2423 atque
1102 2377 1294 2413 subtilitate
1320 2378 1517 2423 superavit;
1544 2390 1587 2412 ex
1612 2378 1667 2413 his
1693 2379 1763 2413 iam

108 2437 193 2477 effici
219 2440 366 2486 cogique
392 2442 516 2485 potest,
543 2438 588 2473 ad
626 2448 712 2484 quas
751 2439 901 2473 rationes
940 2436 1208 2482 confugiendum
1241 2436 1352 2480 fuerit,
1379 2440 1418 2471 ut
1443 2437 1563 2472 omnia
1588 2437 1761 2472 desideria

108 2499 319 2543 expleantur.
1230 2543 1232 2545 ‚

221 2558 474 2593 Foedissimum
500 2557 689 2603 quaerendi
715 2558 867 2593 studium
910 2557 1098 2602 praecipua
1139 2568 1247 2591 causa
1287 2557 1453 2591 meiitorii
1492 2557 1595 2591 scorti
1636 2562 1711 2591 erat
1727 2558 1762 2597 ⁶).

106 2615 280 2665 Μηδενοὸς
318 2620 444 2665 ἐρῶσα,
484 2617 751 2666 προςποιουμὲνη
787 2617 818 2653 δ’
856 2617 920 2652 αἰεὶ
940 2644 947 2651 .
968 2644 975 2651 .
993 2644 1000 2651 .
1022 2644 1030 2651 .
1056 2615 1144 2651 haec
1182 2628 1254 2651 una
1293 2616 1467 2651 sententia
1493 2619 1547 2652 est
1572 2616 1761 2652 meretricis

224 2709 246 2744 ι)
267 2707 326 2738 Liv.
348 2708 384 2737 X.
407 2707 454 2737 31.

223 2750 246 2784 ¹)
267 2747 400 2777 Asinaria
420 2748 443 2783 Ι,
465 2748 492 2781 2,
515 2748 542 2777 7.

222 2789 246 2821 ⁸)
268 2787 426 2817 Bacchides
446 2787 499 2822 ΙΙΙ,
525 2787 549 2822 1,
574 2787 605 2821 1;
628 2787 650 2822 I,
673 2787 706 2822 4;
729 2787 763 2816 V.
786 2787 812 2822 2,
835 2787 881 2815 47.

221 2829 246 2864 ¹)
267 2827 422 2866 Alciphron
446 2827 470 2862 1,
495 2827 541 2856 36.

222 2869 245 2901 ⁵)
266 2867 349 2896 Miles
369 2867 509 2903 gloriosus
531 2867 603 2903 778;
626 2866 804 2896 Menaechmi
827 2865 882 2894 193
883 2878 897 2902 ,ς
919 2865 1024 2895 Bacch.
1046 2865 1098 2897 111,
1124 2866 1176 2896 14:
1198 2866 1389 2897 'truculentus
1410 2865 1448 2896 II.
1473 2866 1498 2895 Τ,
1526 2865 1572 2895 16.
