1951 3040
171 125 227 167 26

168 244 294 281 sororis
321 243 489 281 convulsa
515 247 550 280 et
574 254 740 291 percussa
766 255 842 279 esse
867 242 1014 280 videtur.
1040 241 1138 280 Num
1161 243 1252 280 tanti
1276 243 1469 289 interesset,
1494 242 1563 282 nisi
1578 242 1658 293 ipsa
1680 242 1836 290 ingemit

172 306 273 349 esset,
299 307 417 340 utrum
444 303 605 340 dedecori
631 303 663 340 ei
690 315 735 339 an
761 302 885 340 honori
910 302 1033 340 fuisset
1057 301 1156 340 vita?
1192 302 1301 340 Pater
1322 302 1475 346 tandem.
1508 302 1688 349 noncessit,
1713 313 1792 340 eam
1817 314 1841 338 a

170 364 242 400 filio
269 364 349 401 duci
376 365 411 400 in
438 365 709 400 matrimonium.
754 363 924 411 Quamvis
967 363 1120 399 moribus
1161 362 1225 399 filii
1268 363 1420 399 maxime
1462 361 1612 400 confisus
1637 362 1692 408 sit,
1717 365 1837 399 tamen

170 423 258 459 haec
284 424 461 460 concessio
487 424 572 460 satis
598 424 740 469 indicat,
766 423 920 471 puellam
957 423 1045 459 bene
1085 426 1267 469 moratam,
1302 422 1497 468 honestam,
1535 422 1688 459 nobilem
1723 421 1838 458 fuisse.

291 494 491 530 Phaedram
518 494 700 529 Euclionis
739 507 845 530 senex
885 497 1022 529 amator
1063 492 1279 539 Megadorus
1308 491 1354 528 ad
1381 504 1444 527 nos
1469 491 1621 527 deducit.
1669 489 1840 537 Quamvis

171 553 246 589 eius
270 565 368 588 soror
393 566 429 589 se
456 556 621 600 opponat,
647 553 877 600 precibusque
903 553 1027 600 fatiget
1052 553 1171 589 omnia
1195 552 1324 589 frustra
1349 555 1432 588 sunt
1446 551 1472 597 ²)
1510 564 1594 587 nam
1620 562 1726 588 senex
1750 550 1840 587 bene

170 614 245 658 scit,
272 626 377 659 quam
406 614 586 649 victoriam
613 614 860 660 deportaturus
886 615 940 658 sit,
967 615 995 649 si
1023 613 1223 649 Phaedram
1265 612 1411 648 duxerit.
1455 611 1567 656 »Scio,
1604 610 1727 657 inquit,
1752 610 1838 656 quid

172 673 309 708 dictura
335 674 391 718 sis,
418 673 511 709 hunc
537 685 728 719 pauperem
755 686 840 718 esse,
868 674 955 709 haec
983 685 1117 720 pauper
1142 672 1292 719 placet«.
1318 671 1419 707 Idem
1446 671 1551 707 etiam
1577 671 1669 717 patri
1693 670 1839 706 interm-

171 733 289 779 ganti:
321 737 380 769 »at
405 733 492 769 nihil
518 737 571 769 est
597 733 698 778 dotis,
724 733 819 779 quod
844 733 936 778 dem,
962 733 1153 779 respondit,
1172 745 1215 768 ne
1233 732 1322 768 duas
1348 731 1536 767 dommodo
1572 733 1710 767 morata
1745 733 1839 766 recte

173 793 303 836 venias,
330 793 452 828 dotata
478 797 530 827 cst
556 793 674 828 satis«.
701 793 820 828 Amici
847 794 1085 828 assentiuntur
1112 793 1255 838 eiusque
1281 791 1462 827 consilium
1489 790 1722 837 approbatum
1749 802 1831 825 nam

173 864 296 888 omnes
323 852 411 887 bene
438 856 609 888 moratam
636 852 789 898 puellam
817 852 966 888 laudant
985 853 1018 897 ⁸).
1453 849 1459 854 ’

293 911 387 957 Quid
416 924 495 948 vero
534 911 748 958 Lyconides!
793 911 948 948 Summis
988 911 1149 957 precibus
1188 915 1335 946 matrem
1361 910 1496 955 fatigat,
1522 912 1751 956 ut‚patruum
1776 921 1840 956 pro

172 983 213 1006 eo
240 974 339 1016 roget
356 971 391 1015 ⁴).
420 993 466 997 ψ
498 971 620 1007 »Deus
647 971 815 1017 impulsor
849 971 934 1006 mihi
961 971 1036 1015 fuit,
1063 971 1092 1007 is
1119 984 1174 1006 me
1213 971 1259 1006 ad
1297 971 1393 1006 illam
1432 970 1562 1006 illexit!
1601 970 1699 1006 Deos
1737 970 1839 1005 credo

172 1027 330 1074 voluisse,
356 1043 439 1065 nam
466 1031 502 1065 ni
529 1031 658 1065 vellent
685 1043 753 1065 non
781 1031 879 1066 fieret
917 1031 1023 1066 scio«.
1064 1030 1153 1076 Quis
1192 1034 1310 1066 autem
1336 1042 1416 1066 eum
1454 1029 1601 1076 impulit,
1626 1032 1667 1065 ut
1690 1027 1839 1075 peccet?

170 1089 308 1136 Nempe
334 1089 449 1125 Amor
473 1090 559 1125 deus
585 1090 659 1136 ipse
676 1090 700 1135 5)
728 1094 832 1136 atque
859 1094 956 1125 amat
994 1102 1073 1125 eam
1113 1102 1231 1125 amore
1270 1090 1519 1136 dignissimam.
1560 1088 1653 1126 Cum
1689 1089 1839 1135 denique

171 1162 289 1185 senem
317 1150 441 1185 (lurum
470 1154 505 1186 et
531 1162 672 1186 avarum
702 1150 885 1197 placasset,
912 1150 1003 1185 mira
1028 1150 1162 1185 laetitia
1188 1150 1356 1186 exultavit
1373 1151 1406 1195 6).
1442 1149 1541 1185 Nihil
1579 1154 1696 1185 autem
1730 1162 1842 1196 neque

172 1209 403 1245 adulescentis
431 1210 536 1245 verba
562 1210 612 1245 ita
637 1214 752 1256 potest
778 1211 970 1256 exprimere
989 1210 1140 1245 nobilem
1163 1210 1319 1245 animum
1346 1210 1494 1256 puellae,
1520 1222 1625 1256 quam
1652 1221 1743 1255 quae
1767 1209 1841 1245 Lar

171 1269 352 1305 familiaris
378 1270 412 1304 in
441 1270 584 1315 prologo
611 1270 698 1305 dixit
714 1271 749 1314 ⁷),
775 1270 901 1316 quibus
928 1270 1048 1314 religio
1066 1273 1102 1304 et
1129 1269 1337 1305 verecundia
1363 1270 1503 1315 virginis
1529 1269 1776 1316 significentur.

294 1330 431 1364 Horum
459 1330 607 1364 duarum
638 1331 808 1375 virginum
837 1343 949 1374 mores
976 1342 1038 1375 per
1065 1330 1151 1364 alios
1177 1329 1429 1364 describuntur.
1456 1329 1549 1364 Nam
1571 1332 1710 1374 praeter
1734 1342 1838 1375 spon-

174 1389 305 1423 sionem
335 1390 545 1434 nuptiarum,
573 1389 762 1434 legitimam
790 1393 825 1423 et
851 1389 983 1424 illatam
1024 1389 1185 1423 iniuriam
1225 1388 1456 1434 paucissimae
1496 1392 1596 1423 erant
1634 1400 1770 1434 causae,
1795 1388 1840 1424 ob

173 1461 261 1492 quas
288 1449 321 1482 in
351 1448 527 1493 publicum
555 1448 693 1493 puellae
721 1452 863 1493 possent
888 1448 989 1483 educi
1005 1449 1041 1491 ⁸).
1077 1447 1160 1493 Qua
1185 1459 1222 1482 re
1248 1447 1354 1482 etiam
1394 1447 1542 1482 Telestis
1568 1447 1604 1482 in
1630 1447 1780 1493 Epidico
1806 1451 1842 1483 et

173 1507 247 1541 filia
273 1506 469 1542 Satun'onis
497 1508 530 1541 in
560 1507 669 1541 Persa
696 1507 761 1541 hoc
788 1507 863 1541 loco
904 1507 1179 1552 praetereundae
1218 1509 1308 1541 sunt.
1335 1506 1558 1542 Inveniemus
1583 1506 1647 1542 has
1669 1507 1738 1542 alio
1764 1506 1840 1542 loco

173 1566 342 1611 imprimis
368 1566 476 1600 filiam
506 1566 665 1609 Parasiti,
692 1578 782 1611 quae
818 1567 892 1601 sine
929 1566 1034 1601 dubio
1069 1566 1103 1600 in
1132 1578 1275 1601 numero
1314 1567 1533 1601 meretricum
1572 1566 1754 1601 referenda
1782 1570 1843 1602 est.

743 1678 766 1730 ξ
798 1676 909 1721 VH.
952 1676 1274 1723 Meretrices.

295 1774 371 1809 Iam
400 1774 556 1810 venimus
584 1775 628 1809 ad
657 1775 863 1818 meretriceS,
889 1788 980 1820 quae
1001 1776 1143 1810 maximi
1163 1776 1330 1810 momenti
1348 1787 1518 1821 personae
1536 1779 1618 1810 sunt
1635 1776 1670 1810 in
1688 1778 1842 1810 veterum

175 1834 372 1878 comoediis,
400 1847 477 1869 cum
506 1834 629 1869 harum
657 1835 841 1870 mulierum
869 1834 938 1870 fere
965 1835 1207 1871 tantummodo
1236 1848 1348 1871 mores
1374 1836 1409 1870 in
1436 1847 1575 1870 scenam
1604 1834 1842 1881 proferantur3

178 1906 278 1928 »nam
309 1907 411 1938 nnnc,
439 1894 552 1939 inquit
577 1898 692 1940 pocta,
720 1894 876 1929 lenorum
904 1898 939 1929 et
965 1898 1156 1930 scortorum
1184 1895 1262 1940 plus
1289 1899 1342 1930 est
1368 1895 1438 1930 fere
1464 1907 1569 1940 quam
1596 1891 1678 1929 olim
1699 1906 1840 1930 musca-

172 1965 248 1987 rum
275 1958 337 1996 est,
364 1966 442 1988 cum
470 1953 604 1988 caletur
629 1954 781 1987 maxime
808 1953 961 1998 (Trucul.
990 1954 1018 1989 I.
1051 1956 1080 1989 1.
1108 1956 1204 1998 45)<‹.

296 2013 469 2049 Omnibus
495 2013 580 2048 locis
619 2013 848 2058 omnibusque
888 2014 1102 2059 temporibus
1140 2014 1290 2048 feminae
1330 2014 1427 2048 nulla
1453 2014 1636 2059 disciplina
1674 2013 1843 2048 coercitae

175 2072 334 2115 aderant,
362 2076 466 2118 atque
493 2073 605 2107 solum
633 2073 667 2107 in
696 2072 791 2108 cultu
818 2073 984 2119 cuiusque
1011 2073 1124 2119 gentis
1150 2073 1237 2108 etin
1265 2072 1417 2112 moribus
1443 2072 1604 2119 positum,
1631 2085 1733 2125 quem
1760 2072 1842 2108 illae

175 2131 287 2167 locum
316 2133 406 2167 inter
431 2132 588 2168 homines
616 2133 793 2168 haberent.
834 2133 981 2168 Politior
1020 2134 1113 2167 enim
1152 2133 1380 2167 humanitatis
1419 2133 1637 2167 meretricum
1666 2144 1737 2167 una
1762 2144 1841 2167 cum

173 2191 411 2226 ‹lemiimtione
440 2192 598 2226 virtutem
628 2192 784 2236 gentium
812 2191 978 2236 colligata
1004 2195 1108 2237 atque
1126 2191 1305 2238 implicata
1322 2194 1406 2227 erat.
1435 2190 1531 2227 Satis
1550 2194 1667 2227 autem
1695 2194 1841 2236 constat,

173 2263 282 2296 genus
309 2254 498 2286 scortorum
526 2255 562 2286 et
588 2252 806 2287 meretricum
846 2251 982 2286 Romae
1022 2255 1202 2297 acceptum
1243 2264 1318 2287 esse
1345 2264 1367 2287 a
1394 2251 1540 2288 Graecis
1566 2255 1640 2287 tum
1667 2252 1842 2297 temporis,

173 2322 251 2343 cum
279 2310 409 2344 Graeci
436 2311 505 2344 iam
533 2311 703 2355 pot-issimi
730 2314 831 2344 orant
857 2310 1084 2345 humanitate.
1125 2310 1297 2346 Advenae
1335 2311 1442 2355 igitur
1466 2311 1665 2345 meretrices
1692 2310 1737 2344 ab
1762 2310 1841 2354 illis,

174 2368 326 2413 quaein
354 2369 430 2414 ipsa
456 2368 540 2404 urbe
580 2372 683 2404 natae
723 2373 815 2413 sunt,
854 2359 1068 2405 differebant.
1109 2370 1199 2406 Cum
1242 2371 1333 2406 enim
1361 2370 1498 2406 advena
1535 2370 1599 2405 sibi
1639 2369 1840 2416 Aspasiam,

175 2440 265 2472 quae
293 2428 478 2473 splendore
505 2432 611 2463 antea
637 2429 814 2473 incognito
855 2433 1006 2464 scortum
1038 2431 1275 2474 circumdedit,
1303 2431 1356 2465 vel
1383 2430 1608 2474 'Phargeliam
1634 2429 1840 2464 imitandam

171 2490 389 2532 proponeret,
415 2499 563 2532 quarum
591 2487 798 2522 auctoritate
830 2489 1025 2534 permultae
1053 2490 1202 2534 virgines
1229 2489 1325 2524 illam
1345 2489 1599 2525 humanitatem
1629 2488 1840 2534 cultumque,

170 2546 231 2581 illa
258 2546 499 2581 blandimenta
524 2546 588 2581 sibi
616 2547 811 2592 induerant,
830 2561 919 2593 quae
941 2549 1059 2583 omnia
1075 2549 1250 2584 sordidam
1271 2553 1382 2584 artem
1400 2549 1647 2592 discusserunt,
1665 2548 1839 2593 etiamque

169 2609 328 2640 strenuos
355 2606 455 2649 viros,
481 2605 716 2651 philosophos,
743 2607 881 2641 lumina
901 2608 949 2642 rei
977 2608 1147 2654 publicae,
1173 2608 1274 2643 facilc
1292 2607 1511 2654 pellexerunt
1536 2602 1702 2653 indigena
1727 2619 1836 2643 mere-

171 2665 247 2709 trix,
274 2678 364 2711 quae
392 2665 560 2700 humilem
588 2670 747 2711 questum
776 2679 844 2701 non
872 2680 1018 2713 pensare
1045 2671 1183 2714 poterat
1222 2680 1370 2703 amoeno
1397 2671 1432 2703 et
1457 2668 1612 2703 humano
1640 2667 1767 2711 animo,
1793 2668 1839 2703 ab

170 2725 232 2759 illa
257 2725 441 2770 peregrina
467 2725 569 2760 valde
594 2729 648 2760 cst
674 2730 847 2772 superata.
875 2726 965 2763 Cum
992 2728 1161 2774 pudicitia
1199 2728 1386 2774 prostituta
1424 2728 1530 2764 etiam
1569 2727 1836 2773 corruptissimis

292 2837 323 2869 ²).
347 2837 378 2866 ³).
402 2837 433 2867 ⁴).
458 2838 489 2869 ὅ),
513 2837 545 2871 ⁶),
571 2837 592 2871 ⁷)
613 2835 710 2864 Anlnl.
734 2836 775 2864 Il.
802 2836 825 2871 l,
849 2836 901 2868 52;
927 2837 981 2865 111.
1004 2838 1030 2872 5,
1056 2838 1086 2867 l:
1109 2837 1158 2871 lv,
1184 2837 1213 2867 1:
1236 2837 1285 2865 lv,
1310 2837 1354 2868 10.
1379 2837 1431 2866 152
1455 2837 1488 2866 V.
1513 2838 1537 2871 1,
1563 2837 1593 2866 l:
1616 2835 1728 2872 Prologi
1750 2836 1796 2865 23.

291 2877 314 2909 ⁸)
336 2875 453 2904 Benoist
476 2876 510 2904 de
533 2885 605 2913 pers.
630 2876 760 2913 mqliebr.
784 2885 810 2913 p.
836 2876 880 2904 14.
