1951 3040
1720 77 1776 118 23

115 182 349 237 cupidissima.
373 189 464 226 Eius
488 201 636 236 regnum
662 202 783 230 omues
808 191 982 236 sentiunt;
1008 191 1180 236 dominus,
1205 191 1315 235 liberi,
1341 191 1441 234 servi,
1467 190 1628 234 ancillae,
1659 202 1779 228 omnes

116 248 387 286 contremiscunt
411 248 587 285 dominam
603 248 639 294 ⁸).
667 248 764 297 Quid
789 262 879 296 vero,
904 251 933 287 si
951 262 1019 287 non
1047 250 1160 288 solum
1186 263 1224 287 se
1250 263 1313 287 suo
1339 250 1414 286 iure
1440 250 1492 286 uti
1517 250 1691 296 opinatur,
1717 249 1780 285 sed

115 309 221 346 etiam
247 309 282 344 in
309 322 372 346 suo
389 310 463 346 iure
488 311 710 357 perseverat!
736 311 907 348 Maritum
924 312 998 348 eius
1016 324 1163 358 regnum
1182 312 1370 358 perdurum
1388 311 1605 355 sentientem,
1627 311 1779 356 coniugii

115 368 220 404 fidem
247 381 436 415 numquam
464 370 610 406 violasse
648 373 736 416 rata,
776 371 836 407 ubi
862 383 899 407 se
924 371 1049 407 falsam
1089 372 1186 407 novit
1224 371 1328 406 modo
1367 371 1442 407 solo
1480 374 1633 417 experta,
1675 370 1778 411 modo

115 429 413 477 criminationibus
458 429 610 466 Parasiti
627 431 664 476 ⁹),
704 430 829 477 quibus
882 431 943 468 diu
981 431 1189 467 reluctatam
1232 432 1446 477 invitamque
1488 431 1632 466 tandem
1672 430 1775 466 fidem

115 488 244 524 habere
270 493 415 534 oportet,
442 490 536 525 omni
561 490 693 536 impetu
718 490 842 534 fiimris
869 504 977 537 usque
1003 491 1049 526 ad
1075 491 1247 528 insaniam
1275 491 1452 536 redigitur,
1478 491 1668 536 uxoriaque
1694 490 1773 525 sub-

116 548 291 595 ripiuntur
315 552 529 584 ornamenta.
556 549 642 596 Ipsa
667 549 713 585 ad
738 549 1006 596 Demaenetum,
1033 563 1112 586 eum
1152 550 1302 586 amicula
1341 550 1580 595 dormientem,
1610 551 1717 586 currit
1742 555 1778 586 et
1814 554 1818 556 ’

116 608 292 654 procellae
319 609 430 649 instar
454 609 617 654 proripit:
646 609 758 654 Surge
784 610 895 655 inquit
921 614 1066 654 amator,
1093 610 1115 652 i,
1142 610 1283 645 domum
1304 610 1354 653 ¹⁰).
1395 609 1530 654 Quater
1569 609 1675 653 iubet,
1715 622 1779 644 nec

116 666 243 702 desunt
268 667 526 713 obiurgationes
552 671 613 703 aut
639 668 784 704 dicteria
809 669 1049 704 contumeliae.

234 726 316 762 Hoc
341 727 445 763 modo
472 727 593 763 dotata
617 740 713 772 uxor,
740 729 903 774 quoniam
922 728 986 764 sibi
1001 731 1212 774 potestatem
1239 739 1314 763 esse
1339 731 1451 773 putat,
1478 728 1640 762 maritum
1663 732 1775 764 vexat.

115 785 194 820 Nisi
220 789 274 822 est
298 786 428 821 furiosa
454 787 642 822 aemulatio
681 787 889 834 invidiaque,
927 787 1053 833 quibus
1091 787 1183 822 vitiis
1208 790 1370 821 matrona
1395 787 1431 821 in
1458 786 1700 822 Menaechmis
1726 792 1778 822 est

115 845 307 892 inquinata,
333 849 407 882 tum
435 850 527 882 certe
553 859 623 882 non
649 847 747 883 deest
771 848 947 894 ingenium
974 847 1100 883 mobile
1126 846 1348 894 sollertiaque
1367 847 1418 892 ¹¹),
1453 859 1590 883 summa
1615 846 1774 883 dissimu-

114 905 199 941 latio
217 906 268 950 Π),
293 907 467 942 mendacii
494 907 600 942 libido
636 908 704 942 oris
730 907 975 953 oculorumque
1001 901 1222 942 contumaCia
1247 910 1283 941 et
1308 906 1472 952 superbia
1496 907 1618 952 lingua
1656 907 1776 942 oelen's

107 963 150 1000 'et
175 966 430 1010 exercitata¹³),
458 966 596 1012 aliaque
613 966 708 1001 mala
733 970 805 1002 tam
832 967 951 1011 multa,
978 970 1017 1002 ut
1043 967 1197 1001 omnium
1237 969 1376 1010 sortem,
1416 966 1475 1011 qui
1506 965 1612 1001 talem
1639 966 1673 1000 in
1701 978 1774 1001 ina-

115 1025 314 1060 trimonium
341 1025 516 1061 duxerunt
541 1037 693 1069 uxorem,
711 1026 944 1070 misereamur,
971 1029 1011 1061 ut
1031 1026 1123 1060 inter
1148 1028 1280 1060 ceteros
1307 1025 1538 1068 Daemonem,
1556 1025 1654 1060 cuius
1680 1025 1775 1060 dolo·

115 1083 209 1119 ribus
236 1096 516 1119 commoveamur
531 1085 583 1129 ¹⁴).

233 1144 387 1180 Mentita
411 1145 543 1190 pietate
569 1156 754 1189 amoreque
780 1144 861 1179 ficto
887 1145 1182 1180 Philocomasium
1220 1148 1271 1179 est
1297 1145 1330 1178 in
1371 1143 1501 1187 fabula,
1540 1156 1630 1189 quae
1669 1144 1775 1179 Miles

114 1203 321 1239 inscribitur.
347 1203 404 1239 Ea
430 1204 503 1248 scit,
521 1203 694 1250 quomodo
715 1216 751 1239 se
772 1204 931 1240 omnibus
957 1203 1123 1239 molestiis
1149 1203 1281 1247 liberet,
1309 1206 1447 1238 versuta
1473 1203 1565 1238 enim
1587 1207 1623 1238 et
1647 1203 1776 1239 callida

115 1263 202 1298 bene
229 1264 484 1308 animadvertit,
510 1276 546 1299 se
572 1264 711 1310 ingenio
737 1264 939 1299 validiorem
965 1276 1039 1299 esse
1065 1263 1245 1306 omnibus;
1272 1263 1306 1297 id
1334 1266 1443 1307 curat,
1470 1267 1509 1298 ut
1534 1263 1584 1298 illi
1611 1265 1775 1307 sentiant,

115 1322 174 1368 qui
201 1323 274 1358 eius
300 1323 506 1358 commercio
544 1322 713 1358 fruuntur.
742 1344 787 1348 -—
814 1321 868 1358 At
894 1322 1092 1358 Cleostrata
1129 1322 1163 1357 in
1205 1322 1415 1357 contrarium
1455 1322 1618 1366 vertitur;
1658 1326 1776 1363 astuta

115 1381 254 1427 quidem
281 1386 342 1427 est,
369 1382 567 1418 iuvantibus
593 1386 710 1418 autem
736 1382 880 1430 ancillis,
907 1382 1076 1428 quidquid
1102 1382 1235 1426 suadet,
1262 1382 1386 1416 timida
1429 1381 1613 1427 Myrrhina
1652 1395 1774 1428 parere

115 1445 215 1477 sueta
239 1446 275 1477 et
300 1442 437 1478 divortii
462 1446 620 1478 metuens
648 1442 841 1478 Stalionem
867 1442 957 1477 fallit
982 1446 1017 1477 et
1042 1445 1146 1477 vexat
1162 1442 1213 1486 ¹⁵).

233 1502 395 1548 Dorippa
436 1502 642 1538 Mercator-is
669 1502 714 1537 ad
740 1502 930 1537 discordias
973 1502 1232 1548 promptissima
1272 1501 1397 1536 mulier
1434 1505 1496 1545 est,
1535 1502 1696 1547 suspicax
1740 1506 1775 1537 et

113 1561 265 1606 iurgiosa
290 1574 385 1606 uxor,
403 1574 492 1607 quae
519 1562 646 1597 desinit
671 1561 777 1607 queri,
804 1573 1017 1607 quamquam
1043 1561 1163 1596 decem
1190 1561 1330 1596 talentis
1357 1561 1446 1595 dotis
1474 1561 1643 1605 adductis,
1681 1561 1775 1607 quod

113 1620 202 1656 tales
228 1621 465 1665 contumelias,
509 1621 616 1657 talem
658 1620 841 1667 perfidiam
883 1620 1033 1667 perferre
1075 1625 1234 1666 oporteat
1252 1621 1302 1665 1(ἱ).
1346 1620 1396 1655 Et
1435 1620 1537 1655 infert
1579 1621 1718 1666 quidem
1745 1622 1777 1656 ei

113 1680 275 1715 iniuriam
301 1680 473 1716 coniunx!
502 1680 556 1716 At
583 1681 699 1716 uxoris
725 1681 881 1716 convicia
906 1680 1015 1715 nimia
1040 1680 1174 1715 nullam
1201 1680 1464 1715 excusationem
1490 1679 1631 1724 habent,
1671 1681 1777 1715 immo

114 1740 296 1785 coniugem
321 1741 534 1784 miseremur,
571 1752 673 1785 quem
713 1752 750 1776 se
789 1739 970 1775 abiciendo
1012 1739 1245 1786 postulantem
1286 1739 1351 1774 sibi
1378 1743 1415 1774 ut
1443 1740 1652 1784 ignoscatur,
1692 1752 1778 1775 uxor

112 1798 254 1844 insuper
279 1798 522 1834 vehentissime
547 1802 694 1843 torquet.

234 1857 334 1904 Quae
361 1858 478 1893 omnia
502 1857 648 1894 fortasse
674 1858 776 1904 plura
801 1858 907 1894 etiam
933 1857 1186 1894 Menaechmus
1212 1858 1248 1893 in
1273 1858 1393 1893 fabula
1431 1858 1585 1893 eiusdem
1626 1858 1776 1894 nominis

113 1917 260 1962 patitur3
287 1917 346 1962 qui
372 1917 530 1962 quamvis
555 1917 709 1963 perfidus
736 1918 781 1953 sit
806 1918 972 1963 dolosque
998 1918 1097 1952 uxori
1123 1918 1261 1963 saepius
1288 1921 1416 1960 nectat,
1443 1929 1522 1952 cum
1550 1917 1654 1952 huius
1681 1918 1778 1952 illota

115 1976 220 2012 verba
245 1976 416 2021 audimus,
443 1977 549 2013 etiam
574 1977 690 2013 mariti
717 1978 789 2013 vita
814 1977 915 2013 facile
942 1979 1129 2013 excusatur
1147 1977 1196 2020 ¹⁷).

233 2037 331 2072 Dum
357 2036 524 2082 perfidiae
548 2038 735 2083 coniugum
762 2038 927 2083 obiurgiis
949 2042 985 2073 et
999 2038 1081 2073 rixis
1108 2049 1254 2072 uxorum
1280 2040 1481 2082 pensantur,
1509 2037 1625 2072 uxoris
1651 2037 1777 2071 delicto

113 2096 252 2132 cuidam
277 2096 331 2132 vel
357 2100 501 2143 peccato
525 2097 607 2132 olim
634 2097 817 2133 commisso
842 2097 988 2133 maritus
1015 2109 1276 2143 nonnumquam
1315 2095 1484 2142 indulget.
1527 2096 1654 2142 Itaque
1681 2097 1774 2131 inve-

113 2156 228 2192 nimus
253 2156 289 2191 in
315 2156 444 2200 sabula,
470 2168 559 2202 quae
587 2156 788 2192 Cistellaria
813 2156 1021 2201 inscribitur,
1047 2156 1226 2192 mulierem
1253 2156 1334 2190 olim
1361 2155 1519 2191 delusam
1565 2155 1776 2201 tandemque

114 2227 136 2250 a
161 2228 395 2262 compressore
421 2219 596 2262 receptam
623 2220 848 2262 quaerentem
874 2216 984 2252 filium
1023 2216 1193 2262 permissu
1231 2215 1355 2250 mariti.
1394 2214 1521 2260 Neque
1547 2215 1655 2251 habet
1679 2215 1775 2250 illam

115 2276 353 2310 austeritatem
393 2279 631 2310 matronarum
670 2276 846 2322 propiiam
872 2276 933 2311 sed
972 2279 1156 2310 mansueta
1194 2279 1246 2309 est
1271 2278 1307 2309 et
1331 2274 1526 2309 misericors
1545 2274 1584 2318 18)
1611 2278 1647 2309 et
1672 2275 1776 2320 plena

114 2335 240 2371 amoris
278 2347 362 2382 erga
399 2334 524 2371 liberos
542 2335 602 2381 ¹⁹);
656 2339 868 2382 quapropter
906 2335 1011 2372 etiam
1051 2335 1197 2371 maritus
1236 2334 1431 2380 gratissimo
1484 2334 1601 2370 animo
1640 2335 1775 2370 veniam

114 2396 257 2439 praebet
298 2395 475 2441 praeteriti
517 2397 661 2441 peccati.
689 2418 735 2422 -—
765 2395 923 2432 Similem
962 2408 1148 2442 personam
1189 2395 1225 2429 in
1269 2394 1419 2440 Epidico
1472 2394 1678 2438 invenimus,
1717 2394 1775 2430 ubi

115 2455 288 2503 Philippa,
314 2457 378 2492 etsi
405 2457 531 2500 nescia,
557 2457 648 2502 patri
674 2457 765 2493 iusto
791 2458 844 2493 sui
870 2457 968 2503 pueri
994 2456 1121 2502 nupsit.
1147 2455 1204 2490 Ex
1229 2454 1282 2489 his
1297 2453 1399 2489 facile
1425 2455 1648 2500 intellegitur,
1667 2455 1773 2489 Plau-

115 2518 188 2551 tum
214 2517 332 2552 omnia
356 2516 441 2551 vitia
465 2515 519 2551 vel
545 2516 729 2552 mulierum
757 2517 810 2552 vel
836 2517 985 2552 virorum
1013 2528 1082 2551 non
1108 2515 1268 2560 detegere
1295 2526 1364 2549 non
1391 2515 1564 2560 potuisse3
1593 2519 1632 2550 ut
1658 2518 1776 2549 autem

234 2627 257 2662 ⁸)
278 2626 410 2655 Asinaria
432 2626 458 2660 5,
481 2626 508 2661 2,
531 2626 578 2654 38.
1065 2625 1099 2659 ¹⁴)
1120 2622 1238 2651 Rudens
1259 2622 1309 2651 IV.
1335 2623 1359 2657 1,
1383 2622 1410 2653 3:
1433 2622 1481 2652 IV.
1505 2624 1532 2653 4.
1555 2623 1582 2652 2:

234 2667 258 2701 ⁹)
278 2666 359 2695 Asin.
382 2666 416 2694 V.
438 2666 465 2697 2,
491 2667 515 2694 1.
1066 2665 1102 2698 ¹⁵)
1123 2662 1227 2690 Casina
1250 2662 1287 2697 II,
1312 2663 1337 2697 1,
1361 2664 1387 2691 8.

235 2707 271 2741 ¹⁰)
291 2705 371 2734 Asin.
393 2705 427 2734 V.
450 2705 476 2740 2,
500 2705 545 2739 71,
569 2704 615 2738 74,
639 2704 685 2733 75.
1060 2703 1095 2737 ¹⁸)
1116 2701 1259 2730 Men-ater
1279 2702 1329 2737 IV,
1353 2702 1379 2733 3,
1402 2703 1429 2730 4.

236 2746 271 2781 ¹¹)
292 2745 434 2774 Memamr
454 2745 521 2774 659.
1061 2743 1101 2777 ¹⁷)
1122 2741 1301 2770 Menaechmi
1323 2742 1345 2775 I.
1368 2742 1395 2777 2,
1419 2742 1445 2770 5.

236 2786 272 2821 ¹²)
292 2785 376 2814 Miles
398 2785 464 2814 364.
1063 2783 1099 2817 ¹⁸)
1121 2781 1230 2811 Cistell.
1252 2782 1290 2814 ΙΙ,
1314 2782 1361 2813 68,
1385 2782 1431 2811 75.
1455 2782 1501 2810 85.

235 2826 271 2860 ¹⁸)
291 2824 474 2853 Trinummus
495 2824 562 2854 800:
584 2824 688 2853 Casina
711 2824 775 2852 156.
1062 2822 1098 2856 ¹⁹)
1119 2820 1227 2850 Cistell.
1250 2821 1299 2850 IV.
1322 2821 1348 2853 2,
1372 2822 1418 2850 77.
