1951 3040
1735 108 1757 146 7

150 214 153 218 ”
215 215 318 259 Idem
342 218 423 259 cum
447 222 565 269 Hegio
592 234 698 259 senex
725 223 950 269 demonstrat,
975 224 1020 272 in„
1037 235 1129 270 quae
1154 223 1200 260 sit
1238 223 1430 260 adduct-us
1449 215 1605 270 pericula
1643 208 1760 259 emen‘-

103 281 233 328 tiendo,
259 294 329 319 non
355 283 545 319 comodis
583 283 697 329 modo,
735 283 796 320 sed
834 284 994 320 omnibus
1032 284 1104 320 suis
1137 284 1243 320 rebus
1282 283 1431 320 salutem
1461 284 1536 319 heri
1562 283 1762 319 amicissimi

79 379 88 388 κ
101 341 260 388 antefert,
286 342 346 388 ita,
371 346 413 378 ut
437 343 529 379 clare
555 347 732 390 appareat,
758 355 837 394 eum
864 356 935 380 non
962 356 1138 380 servorum
1162 344 1268 380 modo
1294 356 1437 379 munere
1475 343 1573 390 fungi
1593 343 1643 387 ¹⁸).
1681 341 1759 378 Ad-

100 415 219 439 versus
244 402 307 438 hos
332 415 455 448 mores,
481 403 509 439 si
534 403 676 449 quando
702 407 819 450 partes
844 404 983 440 serviles
1010 405 1094 450 agit,
1120 405 1286 440 astutiam
1312 404 1486 440 interdum
1513 416 1583 439 non
1610 402 1758 450 prodere

101 474 171 498 non
197 466 320 509 potest.
348 462 420 499 Sed
445 467 564 498 tamen
602 476 677 498 mos
703 467 739 499 et
776 464 952 509 ingenium
991 477 1168 500 servorum
1207 464 1367 499 omnibus
1406 464 1490 499 locis
1529 464 1626 499 redit.
1667 463 1757 499 Cum

101 522 193 557 enim
220 522 254 557 in
281 534 323 557 eo
348 525 448 567 esset,
474 526 513 558 ut
538 523 611 558 eius
638 523 774 558 animus
792 523 836 558 ab
854 522 1106 571 Aristophonte
1132 524 1360 568 detegeretur,
1386 523 1529 559 consilio
1547 536 1570 559 a
1586 524 1759 570 praesenti

100 582 305 617 necessitate
331 583 487 627 repetito,
514 585 668 617 extrema
688 586 849 628 expertus
866 587 918 618 est
934 584 984 626 14).
1012 584 1191 619 Insaniam
1220 583 1371 626 simulat,
1398 596 1467 628 quo
1484 583 1620 618 facilius
1646 583 1759 618 deter-

102 643 178 675 reat
203 639 411 688 Hegionem,
438 652 555 675 senem
582 641 856 686 superstitiosum
876 642 939 686 Π5);
967 654 1043 677 cum
1074 646 1191 678 autem
1217 654 1260 677 ne
1287 642 1337 676 ita
1362 641 1501 687 quidem
1542 641 1629 676 nihil
1668 645 1761 686 agat,

102 699 269 736 comitiali
294 699 414 735 morbo
441 699 637 744 afflictatur,
663 712 731 746 quo
757 700 910 736 taedium
937 701 1069 746 afferat,
1095 702 1249 748 vitetque
1267 701 1451 737 molestum
1479 704 1622 745 tactum,
1648 713 1761 747 neque

103 764 221 798 tamen
248 762 363 805 potest
387 771 527 804 prorsus
564 760 724 803 mentiri3
764 772 900 795 omnem
940 761 1202 806 ambiguitatem
1248 761 1379 806 arripit,
1411 764 1460 804 ut,
1487 761 1514 795 si
1543 761 1629 795 nihil
1655 761 1761 803 aliud,
1783 793 1785 795 .

102 819 255 855 fucatam
282 819 406 854 saltem
443 819 623 854 veritatem
662 819 786 855 reddat
802 821 851 865 ¹⁶).
890 820 1053 857 Nudatus
1091 821 1240 866 denique
1266 824 1302 856 et
1327 820 1485 856 detectus
1512 833 1590 856 cum
1616 820 1701 856 fletu
1727 824 1763 856 et

103 879 197 914 luctu
223 879 387 924 queritur,
413 890 491 913 cum
518 882 593 913 tota
618 891 724 914 cavea
748 880 852 914 miros
878 880 959 915 edat
983 881 1071 915 risus
1089 880 1139 924 ¹⁷).
1180 880 1399 915 Curculionis
1438 884 1681 925 argumentum
1710 883 1763 914 est

104 941 208 974 tenue
245 941 349 983 atque
385 937 532 984 simplex
557 950 668 983 neque
698 942 814 984 partes
840 940 927 974 servi
965 940 1035 975 suis
1075 940 1225 975 numeris
1265 939 1444 975 absolutae
1483 942 1582 983 sunt;
1623 952 1704 974 nam
1731 939 1759 974 si

104 1009 222 1033 servus
248 1009 392 1033 numero
418 1001 680 1043 praeceptorum
706 998 875 1042 inseritur,
901 999 973 1034 eius
999 1011 1168 1044 personae
1208 999 1305 1033 nulla
1344 998 1530 1033 oblectatio
1556 999 1655 1042 inest,
1683 999 1757 1033 ani-

104 1058 220 1104 mique
247 1057 463 1093 audientium
489 1057 615 1093 insueti
650 1070 763 1093 servos
802 1058 959 1094 vitiorum
999 1059 1223 1094 insectatores
1262 1058 1392 1103 audire,
1431 1058 1610 1094 falluntur.
1651 1057 1760 1094 Servo

103 1117 206 1154 huius
231 1118 371 1153 fabulae
396 1117 554 1152 Palinuri
580 1130 704 1152 nomen
732 1122 793 1162 est,
821 1122 860 1153 ut
884 1119 942 1153 ille.
968 1118 1178 1163 gubernator
1203 1118 1401 1159 Palinurus,
1426 1119 1486 1163 qui
1512 1118 1558 1153 ad
1585 1118 1758 1163 guberna-

104 1177 221 1213 culum
259 1176 383 1213 sedens
422 1176 567 1212 Aeneae
593 1189 717 1213 navem
743 1177 840 1222 rexit,
866 1178 914 1213 sic
939 1178 1045 1213 etiam
1071 1189 1188 1213 servus
1215 1177 1260 1212 ad
1286 1190 1414 1213 munus
1441 1177 1602 1213 admotus
1628 1177 1758 1224 paeda-

105 1238 195 1283 gogi,
221 1237 333 1273 verbis
358 1237 576 1282 castigatum,
602 1238 631 1272 si
656 1250 725 1272 non
752 1237 797 1272 ad
823 1238 983 1273 virtutem
1022 1241 1161 1273 revocat
1187 1250 1208 1272 a
1234 1237 1372 1282 perdita
1410 1238 1558 1281 luxuria,
1596 1241 1688 1272 certe
1715 1238 1761 1272 ad

105 1297 305 1342 complexus
330 1296 558 1331 meretricum.

223 1366 449 1412 Impudentia
465 1369 501 1401 et
517 1367 720 1412 protervitas
738 1366 916 1402 servilibus
943 1366 1098 1412 personis
1124 1365 1263 1401 fabulae
1291 1365 1443 1401 Casinae
1469 1366 1608 1412 penitus
1634 1366 1760 1401 insitae

105 1429 208 1469 sunt3
234 1429 270 1460 et
296 1425 466 1461 Chalinus
492 1425 632 1470 quidem
657 1425 711 1459 his
738 1425 868 1459 artibus
894 1437 1017 1470 parum
1044 1425 1208 1468 imbutus,
1236 1425 1400 1470 Olympio
1432 1429 1548 1459 autem
1575 1425 1758 1460 abundan-

105 1485 259 1521 tissimus
285 1488 346 1520 est.
374 1484 478 1520 Alter
515 1484 667 1520 urbanus
704 1484 845 1520 modum
884 1496 957 1520 esse
997 1484 1232 1520 abhibendum
1260 1484 1325 1520 scit
1350 1485 1488 1530 iamque
1528 1488 1582 1520 est
1606 1488 1765 1520 assuetus

106 1544 190 1580 hero
216 1545 390 1580 cotidiano
415 1557 490 1588 usu,
517 1545 552 1579 in
578 1548 731 1589 tempore
757 1544 932 1587 insistem3
966 1544 1054 1579 alter
1080 1547 1197 1579 autem
1236 1545 1384 1579 rusticus
1418 1545 1596 1588 ignoscere
1635 1545 1769 1588 nescit3

108 1616 176 1651 quo
202 1604 294 1641 enim
320 1604 424 1640 herus
450 1610 487 1640 se
513 1603 692 1648 submittit,
718 1615 759 1640 eo
784 1603 894 1650 magis
921 1603 952 1639 ei
978 1603 1102 1639 cristae
1141 1606 1288 1650 surgunt
1305 1604 1356 1648 ¹⁸).
1397 1603 1475 1639 Iam
1501 1603 1559 1640 hic
1584 1603 1685 1640 facile
1712 1607 1765 1640 est

106 1666 294 1710 intellectu,
320 1665 443 1711 quanti
480 1665 615 1700 intersit
651 1665 741 1700 inter
778 1677 891 1700 servos
930 1664 1081 1699 urbanos
1119 1664 1277 1709 interque
1315 1665 1481 1708 rusticos3
1519 1664 1576 1699 hic
1616 1664 1760 1700 alterius

107 1724 288 1760 arbitrium
313 1724 411 1760 nullo
436 1724 540 1760 modo
565 1724 653 1760 ferre
678 1727 809 1771 potest3
835 1723 892 1759 ille
918 1726 972 1759 est
997 1735 1133 1770 semper
1159 1723 1321 1759 adulator
1346 1727 1382 1759 et
1408 1727 1604 1759 assentator
1619 1724 1670 1769 ¹⁹).

227 1800 329 1837 Unus
355 1812 374 1836 e
401 1800 604 1845 gratissimis
630 1799 735 1835 servis
759 1799 927 1844 Epidicus
953 1802 1006 1834 est
1031 1798 1160 1834 Plauto
1178 1799 1236 1842 ⁸⁰);
1276 1799 1332 1834 hic
1371 1799 1514 1834 consilio
1552 1803 1588 1834 et
1623 1799 1765 1844 ingenio

107 1872 226 1896 omnes
251 1860 373 1896 modos
400 1860 562 1904 continet,
589 1872 667 1895 cum
693 1858 814 1895 ceteris
839 1858 978 1893 fabulae
1005 1858 1170 1904 personis,
1197 1858 1296 1903 quasi
1318 1857 1454 1903 paginis
1472 1857 1564 1892 ludit
1591 1857 1766 1893 fallacias-

108 1933 175 1966 que
201 1920 392 1967 componit;
416 1920 466 1956 nil
491 1920 557 1955 nisi
582 1919 739 1955 fraudem
765 1918 917 1962 1nolitur;
936 1918 965 1953 si
981 1918 1056 1964 ipse
1083 1917 1202 1953 dolum
1228 1930 1297 1952 non
1325 1916 1500 1963 confingit,
1529 1921 1620 1953 certe
1647 1917 1766 1953 subest

108 1980 182 2015 eius
207 1980 340 2015 malum
367 1980 558 2023 consilium,
584 1979 889 2025 quotienscumque
906 1978 948 2012 de
966 1977 1113 2012 fallaciis
1131 1977 1339 2022 quibusdam
1366 1977 1482 2022 agitur
1498 1977 1550 2021 21).
1577 1977 1766 2022 Epidicum

109 2038 251 2086 eiusque
276 2039 429 2076 indolem
467 2042 648 2085 tamquam
685 2050 818 2085 ungues
856 2040 1026 2073 noverunt
1063 2036 1257 2083 digitosque
1296 2048 1376 2072 suos
1392 2036 1457 2082 ²*2);
1497 2049 1587 2083 quae
1629 2037 1768 2083 cogitet,

109 2100 215 2135 etiam
240 2099 314 2145 ipse
340 2099 514 2135 interdum
540 2111 562 2145 p
578 2098 709 2134 rodit
724 2098 776 2143 ²⁸).

226 2174 271 2209 In
296 2173 461 2220 fingendo
487 2186 584 2210 servo
612 2173 820 2220 Chrysalum
847 2172 952 2207 talem
979 2172 1179 2207 informavit
1204 2176 1319 2218 poeta,
1346 2172 1458 2218 qualis
1497 2172 1595 2208 haud
1626 2172 1696 2208 scio
1723 2184 1767 2207 an

107 2244 209 2269 nemo
225 2233 336 2270 fuerit.
363 2233 445 2269 Hoc
471 2233 563 2268 enim
582 2236 635 2268 est
651 2233 820 2279 optimum
848 2232 1034 2278 exemplar,
1053 2232 1099 2267 ad
1114 2232 1322 2268 imitandum
1349 2232 1575 2278 propositum,
1601 2232 1661 2278 qui
1687 2244 1766 2267 cum

109 2304 172 2339 pro
198 2297 292 2330 certo
317 2293 413 2338 sciat,
440 2305 476 2328 se
503 2305 545 2328 ea
570 2292 647 2338 lege
674 2296 794 2328 natum
834 2304 916 2336 esse,
956 2295 995 2328 ut
1021 2291 1137 2328 herilis
1178 2292 1240 2327 filii
1280 2293 1394 2338 gratia
1432 2292 1611 2328 dominum
1651 2304 1767 2327 senem

109 2357 305 2399 percuteret
319 2353 371 2399 ²⁴),
397 2366 499 2389 omne
525 2354 713 2399 ingenium,
739 2353 902 2396 laborem,
928 2351 1033 2387 fidem
1060 2365 1159 2387 suam
1187 2352 1221 2387 in
1249 2353 1322 2387 eius
1361 2352 1549 2388 utilitatem
1590 2353 1768 2388 convertit.

230 2466 266 2500 ¹⁸)
406 2463 519 2502 Captivi
540 2463 606 2493 701.

231 2506 266 2539 ¹⁴)
459 2516 470 2528 »
543 2503 609 2531 532.

230 2544 266 2579 ¹⁵)
287 2544 316 2579 a«)
338 2543 368 2579 b)
457 2555 468 2567 >»
540 2542 607 2571 544.
631 2542 697 2571 547.

232 2584 265 2618 ¹⁶)
457 2596 469 2608 »
541 2583 707 2612 571—575.

230 2625 266 2658 ²⁷)
457 2635 469 2647 >⁵
540 2623 607 2652 646.

233 2664 268 2698 ¹⁸)
290 2662 393 2692 Casina
415 2662 481 2691 315.
504 2662 570 2691 704.

231 2704 267 2739 ¹⁹)
289 2702 393 2733 Casina
414 2702 481 2732 278.

230 2744 267 2780 ¹⁰)
288 2744 326 2779 ¹¹)
347 2743 442 2772 Etiam
463 2743 624 2781 Epidicum,
645 2753 731 2782 quam
748 2751 799 2779 ego
815 2739 939 2771 fabulam
960 2750 1050 2779 aeque
1071 2751 1104 2770 ae
1125 2751 1169 2771 nn·
1192 2741 1283 2779 ipsum
1305 2751 1369 2770 amo
1389 2739 1498 2776 (Bau-h
1523 2741 1558 2770 ΙΙ,
1581 2740 1607 2772 2.
1631 2739 1689 2776 36).

229 2784 266 2841 12>

230 2824 267 2900 κζ
288 2832 446 2892 Βῖἷορῂῑᾱρε
467 2846 534 2893 22'9.
556 2863 623 2894 230.
