1951 3040
135 161 138 164 ‚
164 107 219 148 36

674 228 699 279 ξ
730 225 788 270 Χ.
821 225 1011 272 Partes
1045 227 1327 272 secundae.

822 293 984 330 Lenones
1010 297 1046 330 et
1070 285 1180 330 lenae.

286 372 326 410 Si
352 376 469 420 partes
508 373 642 408 lenonis
681 373 838 409 Plautini
877 374 1070 420 perspicere
1110 374 1278 418 volumus,
1304 373 1340 409 id
1378 374 1491 410 solum
1530 374 1743 410 audiendum
1769 377 1850 419 est,v

165 433 258 478 quod
286 433 474 469 Trachalio
514 446 633 469 servus
659 433 702 469 de
729 446 770 469 eo
797 433 949 480 loquitur
965 434 999 478 ¹).
1040 434 1131 478 Etsi,
1158 433 1405 470 translationes
1446 435 1530 479 eius,
1570 435 1629 480 qui
1667 434 1742 480 ipse
1783 436 1837 470 est

166 494 421 528 versutissimus
447 493 562 535 homo,
589 493 792 528 audaciores
819 497 909 536 sunt,
935 497 1051 527 tamen
1079 493 1122 528 de
1149 493 1190 528 iis
1216 497 1308 529 recte
1334 493 1506 529 iudicasse
1540 493 1684 538 videtur,
1710 493 1836 539 quibus

164 552 250 587 nihil
277 552 313 587 in
340 553 440 588 terris
466 553 565 598 peius
591 554 654 588 est.
682 552 814 588 Poetae
840 553 905 598 ipsi
932 565 1000 587 non
1029 556 1082 588 est
1107 544 1398 588 contumeliarum
1423 552 1519 596 satis,
1551 565 1594 588 ex
1624 552 1750 598 quibus
1776 564 1832 587 co-

162 612 334 658 'gnomina
357 611 486 656 trahat.
513 611 619 658 Impii
646 613 738 647 euim
757 616 838 648 suut
856 616 1019 658 agrestes,
1036 613 1154 647 omnia
1179 612 1365 647 fraudandi
1392 624 1499 648 causa
1524 611 1666 647 faciunt.
1708 611 1829 646 Periu-

165 672 255 729 1111111
281 671 395 707 facere
421 672 526 707 moris
553 675 607 708 est
622 672 657 713 ²).
686 671 780 718 Quin
807 672 912 707 etiam
940 669 968 707 si
995 672 1182 708 necessitas
1222 672 1304 716 abit,
1331 684 1450 707 eorum
1489 671 1578 706 ratio
1604 675 1640 706 et
1665 671 1835 707 institutio

164 735 226 775 est,
252 731 418 777 peierare,
445 731 610 776 quoniam
638 731 827 777 periurium
854 732 902 766 rei
929 732 1120 766 servandae
1146 744 1254 767 causa
1280 731 1380 767 adest
1415 743 1477 777 pro
1517 743 1635 766 eorum
1662 731 1837 766 sententia

166 802 281 837 neque
307 790 368 826 illo
394 790 521 826 omisso
548 790 747 837 perdendae
764 791 799 835 ³).
827 791 909 837 Qua
934 791 977 826 de
1003 804 1040 826 re
1067 790 1132 826 diis
1158 791 1270 837 perosi
1310 793 1392 826 sunt
1405 791 1431 835 ⁴)
1472 802 1582 836 neque
1607 789 1835 826 homines'de

163 851 204 886 iiis
231 855 299 885 nou
327 850 439 885 solum
467 863 539 885 11011
567 850 655 885 bene
682 851 838 895 cogitant
863 851 924 885 sed
952 851 996 884 ab
1022 851 1121 886 initio
1148 851 1252 896 plane
1279 863 1347 886 non
1375 850 1546 894 dubitant,
1580 850 1663 896 quin
1691 862 1832 896 corrup-

165 909 289 946 tissimi
314 910 474 945 homines
501 910 580 945 sint.
602 909 711 946 Nulla
738 909 829 944 enim
856 921 911 945 res
938 909 979 944 iis
1006 913 1130 945 sancta
1145 914 1207 945 est.
1235 909 1402 946 Omnium
1430 909 1618 945 avidissimi
1644 913 1726 945 sunt
1751 910 1837 945 recti

166 971 349 1016 accipitres
367 971 545 1016 *pecuniae
561 971 596 1014 ⁵),
634 970 731 1005 cuius
757 970 857 1015 pretii
892 982 961 1004 non
989 970 1101 1004 solum
1140 970 1334 1005 alienarum
1374 959 1621 1015 raptarumque
1647 970 1701 1004 vel
1726 970 1833 1004 etiem

166 1041 309 1065 suarum
339 1030 508 1075 virginum
536 1041 681 1075 corpora
707 1028 861 1072 vulgant,
888 1029 970 1074 quin
1009 1029 1113 1064 etiam
1141 1041 1177 1064 se
1204 1029 1297 1075 ipsos
1323 1029 1497 1075 proiciunt
1521 1028 1625 1064 modo
1651 1032 1834 1074 quaestum

166 1089 308 1125 faciant.
336 1089 398 1124 Ius
416 1093 452 1124 et
472 1101 574 1124 omne
591 1088 644 1123 sas
670 1088 789 1123 delent
805 1089 839 1132 ⁶).
868 1089 988 1123 Unum
1016 1089 1143 1124 bonum
1172 1088 1293 1130 solum¹
1311 1088 1378 1123 hae
1404 1092 1555 1123 traetrae
1582 1101 1624 1123 ac
1650 1088 1834 1134 pestiferae

167 1148 289 1184 beluae
327 1148 479 1190 habeut;
518 1160 554 1182 se
593 1148 686 1193 ipsos
726 1148 855 1193 optimo
895 1152 1051 1182 noscunt.
1091 1148 1150 1183 Ita
1176 1147 1365 1191 Dordalus,
1401 1147 1534 1193 optima
1572 1147 1771 1192 bestiarum,
1797 1160 1834 1183 se

167 1207 296 1243 bonum
323 1220 398 1243 esse
425 1207 578 1253 coepisse.
618 1207 702 1242 dicit
741 1207 802 1242 sed
843 1219 954 1252 neque
993 1219 1093 1252 posse
1120 1219 1231 1252 neque
1258 1206 1356 1250 velle,
1395 1219 1438 1241 ne
1465 1207 1657 1252 antiquitus
1683 1207 1834 1253 acceptis

167 1267 320 1301 moribus
356 1267 520 1301 lenonum
561 1269 752 1311 repugnet3
794 1266 960 1301 scelerate
1000 1271 1115 1301 autem
1159 1267 1263 1311 impie
1290 1269 1325 1301 et
1350 1266 1569 1301 fraudulente
1589 1278 1702 1311 agere,
1729 1267 1833 1302 moris

169 1324 332 1361 lenonum
360 1338 434 1361 esse
452 1326 486 1369 ⁷).
514 1324 553 1360 Si
579 1325 663 1360 vitia¹
689 1325 999 1371 reprehenduntur,
1028 1338 1095 1360 11011
1124 1326 1330 1361 irascuntur.
1361 1325 1572 1361 »Hominem
1600 1338 1692 1371 ergo,
1719 1325 1833 1372 inquit

170 1386 280 1429 Simo,
319 1385 376 1421 liic
414 1398 544 1431 quaero
584 1385 713 1420 malum
754 1385 959 1431 legirupam,
1001 1386 1186 1431 impurum,
1224 1386 1399 1431 periurum
1427 1389 1532 1431 atque
1559 1386 1725 1431 impium!
1771 1386 1833 1421 Me

168 1446 352 1491 quaeritat,
380 1445 497 1479 Ballio
523 1445 710 1490 respondet
738 1457 819 1479 nam
846 1445 907 1479 illa
934 1457 1012 1479 mea
1038 1448 1121 1480 sunt
1146 1448 1378 1489 cognomenta
1392 1446 1418 1489 ⁸)
1445 1445 1489 1479 Iu
1517 1445 1640 1480 cadem
1658 1444 1778 1480 fabula
1795 1458 1832 1481 se

167 1505 280 1550 ipsum
309 1504 426 1539 Ballio
453 1504 645 1547 cavillatur,
673 1516 750 1538 cum
779 1504 830 1547 iis,
846 1504 905 1549 qui
932 1517 1010 1539 eum
1039 1505 1189 1538 maxime
1217 1504 1400 1549 impiorum
1429 1505 1587 1539 vitiorum
1615 1505 1833 1545 convincunt,

167 1576 236 1598 non
264 1564 443 1598 irascatur.
472 1563 523 1597 At
549 1575 617 1608 quo
645 1564 782 1598 animus
808 1563 984 1608 impurior,
1024 1567 1059 1598 et
1084 1563 1299 1598 inhonestior
1323 1567 1385 1606 est,
1425 1576 1466 1598 eo
1492 1563 1714 1599 deformiores
1751 1569 1834 1600 sunt

168 1635 319 1669 corpore.
348 1622 387 1658 Si
414 1622 561 1666 figuram
590 1622 731 1666 videbis,
757 1622 918 1657 lenonem
945 1635 1112 1668 agnosces
1130 1623 1165 1667 ⁹).
1192 1623 1233 1657 In
1262 1623 1329 1658 hac
1347 1635 1383 1658 re
1401 1623 1556 1659 omnium
1584 1623 1832 1670 descriptiones

167 1683 398 1718 consentiunt.
437 1681 530 1717 Sunt
569 1682 660 1716 euim
701 1672 933 1717 subviridibus
971 1682 1090 1726 oculis,
1129 1682 1290 1717 collativo
1329 1686 1457 1726 ventre,
1496 1683 1595 1718 tortis
1631 1683 1832 1728 superciliis,
1864 1707 1867 1708 ν

166 1745 346 1777 contracta
370 1741 492 1785 fronte,
519 1741 646 1776 recalvi
673 1745 709 1776 et
734 1741 871 1776 silones.
900 1741 979 1776 Tali
1007 1740 1140 1786 figurae
1167 1741 1272 1777 ctiam
1300 1754 1413 1781 mores
1440 1742 1661 1788 respondent.

292 1801 367 1837 Iam
394 1800 514 1836 Lenae
552 1801 737 1847 probatum
777 1813 906 1836 morem
941 1801 1125 1836 mulierum
1164 1805 1364 1847 sequuntur.
1404 1801 1496 1837 Cum
1535 1802 1666 1837 femina
1691 1803 1725 1837 in
1753 1803 1829 1844 uui—

168 1873 305 1897 versum
331 1861 618 1908 intemperantior
648 1861 693 1897 sit
719 1861 790 1895 viro
829 1861 970 1906 eiusque
1011 1864 1163 1896 mentem
1203 1861 1340 1897 animus
1379 1861 1580 1907 saepissime
1617 1862 1832 1908 praecipitet,

167 1922 272 1956 etiam
300 1920 410 1964 lenae,
436 1933 526 1966 quac
553 1921 692 1966 ingenio
718 1921 812 1955 malo
838 1924 928 1964 sunt,
955 1921 1234 1966 corruptissimac
1261 1925 1296 1956 et
1321 1921 1586 1957 scelestissimae
1622 1925 1712 1957 sunt.
1753 1922 1830 1957 Me·
1868 1926 1871 1927 ⁷

168 1980 369 2015 minerimus
395 1979 500 2014 modo
527 1979 721 2023 Clearetae,
761 1979 932 2023 Leaenae,
960 1979 1132 2025 Scaphae,
1170 1980 1365 2025 mulierum,
1404 1984 1443 2015 ut
1468 1981 1518 2015 ita
1543 1981 1656 2016 dicam
1684 1981 1832 2017 beluinis

166 2039 319 2074 moribus
345 2039 545 2085 insignium.
574 2039 779 2075 Cleaeretae
806 2043 867 2083 est,
894 2051 968 2075 esse
994 2040 1139 2085 impiam
1165 2043 1270 2085 atque
1297 2039 1528 2076 inhonestam.
1555 2040 1680 2086 Neque
1702 2040 1832 2082 fictum,

166 2098 288 2144 inquit,
316 2111 428 2144 neque
445 2099 577 2145 pictum
596 2099 890 2145 neque‘scriptum
907 2102 969 2141 est,
985 2111 1053 2144 quo
1071 2099 1151 2134 lena
1167 2099 1255 2134 bene
1274 2103 1367 2145 agat,
1388 2111 1479 2144 quae
1494 2099 1584 2145 frugi
1601 2112 1675 2135 esse
1693 2101 1765 2136 volt
1782 2101 1831 2144 ¹⁰).

286 2157 440 2202 Negotia
466 2170 530 2194 sua
556 2170 667 2203 aeque
694 2159 814 2202 noscit,
841 2171 883 2193 ac
909 2158 1137 2204 peritissimus
1163 2159 1252 2194 leno.
1280 2158 1376 2194 Satis
1393 2159 1467 2202 scit,
1493 2171 1612 2194 verum
1638 2164 1829 2195 amatorem

165 2217 262 2253 nulla
288 2230 324 2252 re
351 2218 534 2263 proterreri
574 2231 686 2263 posse,
725 2231 939 2263 quamquam
979 2219 1087 2253 iratus
1114 2222 1149 2253 et
1174 2218 1412 2261 exacerbatus,
1451 2222 1568 2253 tamen
1609 2219 1653 2254 ad
1681 2220 1830 2254 amicam

162 2288 272 2322 usque
298 2276 388 2311 redit
405 2277 445 2319 ¹¹)
472 2276 567 2312 velut
592 2278 708 2322 piscis,
735 2277 904 2322 quamdiu
932 2288 1051 2311 recens
1078 2277 1213 2312 tamdiu
1239 2276 1350 2312 bonus
1376 2280 1429 2312 est
1446 2278 1496 2321 l²).

284 2336 401 2372 Huius
427 2336 576 2372 feminae
603 2337 732 2372 simieis
758 2341 812 2372 est
838 2336 991 2382 Scapha,
1030 2349 1119 2372 auus
1158 2336 1249 2371 inter
1286 2336 1444 2382 prodigia
1483 2337 1709 2381 numeranda,
1739 2350 1829 2383 quae

164 2395 242 2442 ipsa
267 2395 444 2441 quondam
472 2396 666 2441 prostibula
692 2396 873 2432 humilium
900 2396 1050 2439 ingenio,
1078 2395 1164 2430 nihil
1191 2395 1442 2440 elegantiorum
1469 2397 1659 2432 meretricis
1686 2410 1831 2441 morum,

162 2455 227 2491 sibi
254 2455 404 2491 servavit
422 2455 462 2499 13)
502 2455 562 2490 scd
603 2456 722 2508 omnia
762 2459 899 2491 tantum
926 2455 960 2490 iu
988 2458 1172 2500 quaestum
1213 2454 1353 2500 confert,
1393 2456 1561 2502 quidquid
1600 2457 1665 2492 sibi
1691 2456 1832 2503 expedit

162 2515 245 2550 facit
263 2516 303 2559 ¹⁴)
322 2515 372 2557 ¹⁵).
401 2514 440 2551 Si
467 2515 604 2550 ebriosa
630 2520 669 2550 ut
694 2515 838 2550 Leaena
859 2516 899 2559 ¹⁶)
927 2527 995 2550 11011
1023 2519 1085 2557 est,
1112 2519 1150 2550 at
1175 2516 1314 2560 ingenio
1340 2517 1455 2562 peiore
1482 2529 1523 2552 ac
1551 2518 1724 2562 nequiore.

284 2596 313 2670 ³25
337 2595 364 2667 τ).

310 2657 316 2669 ,
585 2645 618 2665 δῖ
642 2652 648 2659 -
709 2645 715 2665 ζ
794 2644 814 2661 ,ἔ
848 2651 854 2661 2
878 2653 914 2662 ..1.

283 2675 315 2709 ⁵),
339 2674 363 2708 ⁶)
385 2673 472 2702 Persa
493 2674 567 2704 406:
590 2673 749 2702 Pseudolus
772 2673 838 2702 978.

283 2714 313 2748 7),
337 2714 360 2747 ⁸)
383 2713 544 2742 Pseudolus
568 2713 780 2744 logo—1084:
804 2714 870 2742 978.

282 2754 306 2787 ⁹)
327 2753 460 2782 Curculio
482 2753 549 2782 494.

284 2793 328 2827 ¹⁰),
354 2793 396 2827 ¹¹),
423 2793 457 2827 ¹¹)
479 2791 613 2821 Asinaria
637 2792 709 2825 1722
734 2793 804 2826 155;
830 2792 894 2824 176,

284 2833 328 2868 ι3),
354 2833 397 2867 ¹⁴),
422 2833 458 2869 ιι’)
479 2832 656 2862 Mostellaria
680 2833 751 2867 161;
777 2833 850 2863 181:
873 2833 940 2861 275.

283 2873 319 2908 ²⁶)
341 2872 487 2902 Curculio:
510 2873 638 2901 bibat-em
659 2875 690 2902 et
711 2882 838 2902 vomcem
860 2882 924 2901 cum
946 2873 1043 2901 leaena
1065 2872 1240 2911 comparavit
1261 2873 1392 2903 Plautus.
