<?xml version="1.0" encoding="UTF-8"?>
<!DOCTYPE html PUBLIC "-//W3C//DTD XHTML 1.0 Transitional//EN"
    "http://www.w3.org/TR/xhtml1/DTD/xhtml1-transitional.dtd">
<html xmlns="http://www.w3.org/1999/xhtml" xml:lang="en" lang="en">
 <head>
  <title>
</title>
<meta http-equiv="Content-Type" content="text/html;charset=utf-8" />
  <meta name='ocr-system' content='tesseract 3.04.00' />
  <meta name='ocr-capabilities' content='ocr_page ocr_carea ocr_par ocr_line ocrx_word'/>
</head>
<body>
  <div class='ocr_page' id='page_1' title='image "4737944_0019.png"; bbox 0 0 1951 3040; ppageno 0'>
   <div class='ocr_carea' id='block_1_1' title="bbox 0 0 524 274">
    <p class='ocr_par' dir='ltr' id='par_1_1' title="bbox 0 0 524 274">
     <span class='ocr_line' id='line_1_1' title="bbox 0 0 524 274; baseline 0 0"><span class='ocrx_word' id='word_1_1' title='bbox 0 0 524 274; x_wconf 95' lang='lat' dir='ltr'><strong>  </strong></span> 
     </span>
    </p>
   </div>
   <div class='ocr_carea' id='block_1_2' title="bbox 109 220 1832 1232">
    <p class='ocr_par' dir='ltr' id='par_1_2' title="bbox 109 220 1832 683">
     <span class='ocr_line' id='line_1_2' title="bbox 185 220 1832 276; baseline -0.003 -7"><span class='ocrx_word' id='word_1_2' title='bbox 185 232 232 269; x_wconf 57' lang='lat' dir='ltr'><strong>m*</strong></span> <span class='ocrx_word' id='word_1_3' title='bbox 246 225 435 269; x_wconf 78' lang='lat' dir='ltr'><strong>maximam</strong></span> <span class='ocrx_word' id='word_1_4' title='bbox 461 227 658 271; x_wconf 73' lang='lat' dir='ltr'><strong>cautionem</strong></span> <span class='ocrx_word' id='word_1_5' title='bbox 683 227 718 268; x_wconf 86' lang='lat' dir='ltr'><strong>in</strong></span> <span class='ocrx_word' id='word_1_6' title='bbox 750 227 839 270; x_wconf 81' lang='lat' dir='ltr'><strong>dolis</strong></span> <span class='ocrx_word' id='word_1_7' title='bbox 877 224 1056 267; x_wconf 79' lang='lat' dir='ltr'><strong>nectendis</strong></span> <span class='ocrx_word' id='word_1_8' title='bbox 1094 224 1238 266; x_wconf 82' lang='lat' dir='ltr'><strong>adhibet</strong></span> <span class='ocrx_word' id='word_1_9' title='bbox 1255 223 1307 274; x_wconf 58' lang='grc' dir='ltr'><strong>ἡ4),</strong></span> <span class='ocrx_word' id='word_1_10' title='bbox 1345 223 1414 276; x_wconf 89' lang='lat' dir='ltr'><strong>qui,</strong></span> <span class='ocrx_word' id='word_1_11' title='bbox 1454 229 1484 265; x_wconf 90' lang='lat' dir='ltr'><strong>si</strong></span> <span class='ocrx_word' id='word_1_12' title='bbox 1509 221 1608 271; x_wconf 83' lang='lat' dir='ltr'><strong>deest</strong></span> <span class='ocrx_word' id='word_1_13' title='bbox 1644 220 1787 272; x_wconf 74' lang='lat' dir='ltr'><strong>factum,</strong></span> <span class='ocrx_word' id='word_1_14' title='bbox 1829 227 1832 229; x_wconf 68' lang='grc'><strong>’</strong></span> 
     </span>
     <span class='ocr_line' id='line_1_3' title="bbox 109 287 1785 340; baseline -0.004 -10"><span class='ocrx_word' id='word_1_15' title='bbox 109 292 231 330; x_wconf 66' lang='lat' dir='ltr'><strong>⁴verbo</strong></span> <span class='ocrx_word' id='word_1_16' title='bbox 256 290 374 330; x_wconf 82' lang='lat' dir='ltr'><strong>utitur.</strong></span> <span class='ocrx_word' id='word_1_17' title='bbox 399 292 444 328; x_wconf 92' lang='lat' dir='ltr'><strong>In</strong></span> <span class='ocrx_word' id='word_1_18' title='bbox 470 290 708 328; x_wconf 71' lang='lat' dir='ltr'><strong>adulationem</strong></span> <span class='ocrx_word' id='word_1_19' title='bbox 733 304 771 328; x_wconf 88' lang='lat' dir='ltr'><strong>se</strong></span> <span class='ocrx_word' id='word_1_20' title='bbox 796 290 953 335; x_wconf 85' lang='lat' dir='ltr'><strong>effundit,</strong></span> <span class='ocrx_word' id='word_1_21' title='bbox 978 302 1049 337; x_wconf 85' lang='lat' dir='ltr'><strong>qua</strong></span> <span class='ocrx_word' id='word_1_22' title='bbox 1074 289 1317 340; x_wconf 78' lang='lat' dir='ltr'><strong>adversarium</strong></span> <span class='ocrx_word' id='word_1_23' title='bbox 1338 289 1522 335; x_wconf 83' lang='lat' dir='ltr'><strong>opprimat,</strong></span> <span class='ocrx_word' id='word_1_24' title='bbox 1539 288 1685 324; x_wconf 83' lang='lat' dir='ltr'><strong>militem</strong></span> <span class='ocrx_word' id='word_1_25' title='bbox 1711 287 1785 334; x_wconf 87' lang='lat' dir='ltr'><strong>glo·</strong></span> 
     </span>
     <span class='ocr_line' id='line_1_4' title="bbox 127 347 1786 397; baseline -0.002 -10"><span class='ocrx_word' id='word_1_26' title='bbox 127 351 267 397; x_wconf 85' lang='lat' dir='ltr'><strong>riosum,</strong></span> <span class='ocrx_word' id='word_1_27' title='bbox 292 351 515 392; x_wconf 81' lang='lat' dir='ltr'><strong>immodicum</strong></span> <span class='ocrx_word' id='word_1_28' title='bbox 541 351 797 387; x_wconf 69' lang='lat' dir='ltr'><strong>aestimatorem</strong></span> <span class='ocrx_word' id='word_1_29' title='bbox 823 351 876 387; x_wconf 89' lang='lat' dir='ltr'><strong>sui</strong></span> <span class='ocrx_word' id='word_1_30' title='bbox 903 350 948 387; x_wconf 81' lang='lat' dir='ltr'><strong>ad</strong></span> <span class='ocrx_word' id='word_1_31' title='bbox 974 350 1058 387; x_wconf 90' lang='lat' dir='ltr'><strong>deos</strong></span> <span class='ocrx_word' id='word_1_32' title='bbox 1083 349 1296 386; x_wconf 79' lang='lat' dir='ltr'><strong>immortales</strong></span> <span class='ocrx_word' id='word_1_33' title='bbox 1329 348 1430 390; x_wconf 77' lang='lat' dir='ltr'><strong>tollit,</strong></span> <span class='ocrx_word' id='word_1_34' title='bbox 1471 348 1555 395; x_wconf 90' lang='lat' dir='ltr'><strong>quin</strong></span> <span class='ocrx_word' id='word_1_35' title='bbox 1581 347 1688 384; x_wconf 88' lang='lat' dir='ltr'><strong>etiam</strong></span> <span class='ocrx_word' id='word_1_36' title='bbox 1713 347 1786 383; x_wconf 87' lang='lat' dir='ltr'><strong>fore</strong></span> 
     </span>
     <span class='ocr_line' id='line_1_5' title="bbox 128 407 1786 459; baseline -0.002 -11"><span class='ocrx_word' id='word_1_37' title='bbox 128 414 168 448; x_wconf 98' lang='grc' dir='ltr'><strong>ιιι</strong></span> <span class='ocrx_word' id='word_1_38' title='bbox 192 411 267 459; x_wconf 87' lang='lat' dir='ltr'><strong>ipse</strong></span> <span class='ocrx_word' id='word_1_39' title='bbox 291 411 481 448; x_wconf 79' lang='lat' dir='ltr'>haberetur</span> <span class='ocrx_word' id='word_1_40' title='bbox 503 410 672 458; x_wconf 87' lang='lat' dir='ltr'><strong>Juppiter</strong></span> <span class='ocrx_word' id='word_1_41' title='bbox 688 410 849 455; x_wconf 84' lang='lat' dir='ltr'><strong>affirmat,</strong></span> <span class='ocrx_word' id='word_1_42' title='bbox 866 410 932 447; x_wconf 89' lang='lat' dir='ltr'><strong>nisi</strong></span> <span class='ocrx_word' id='word_1_43' title='bbox 953 410 1079 446; x_wconf 84' lang='lat' dir='ltr'><strong>aetatis</strong></span> <span class='ocrx_word' id='word_1_44' title='bbox 1094 410 1313 457; x_wconf 84' lang='lat' dir='ltr'><strong>privilegium</strong></span> <span class='ocrx_word' id='word_1_45' title='bbox 1331 409 1468 446; x_wconf 81' lang='lat' dir='ltr'><strong>deesset</strong></span> <span class='ocrx_word' id='word_1_46' title='bbox 1484 408 1535 453; x_wconf 79' lang='lat'><strong>⁸⁵).</strong></span> <span class='ocrx_word' id='word_1_47' title='bbox 1562 407 1623 445; x_wconf 89' lang='lat' dir='ltr'><strong>Sic</strong></span> <span class='ocrx_word' id='word_1_48' title='bbox 1641 407 1786 444; x_wconf 89' lang='lat' dir='ltr'><strong>militem</strong></span> 
     </span>
     <span class='ocr_line' id='line_1_6' title="bbox 128 467 1785 516; baseline -0.001 -11"><span class='ocrx_word' id='word_1_49' title='bbox 128 471 242 515; x_wconf 90' lang='lat' dir='ltr'><strong>modo,</strong></span> <span class='ocrx_word' id='word_1_50' title='bbox 268 471 311 506; x_wconf 89' lang='lat' dir='ltr'><strong>de</strong></span> <span class='ocrx_word' id='word_1_51' title='bbox 336 482 415 516; x_wconf 92' lang='lat' dir='ltr'><strong>quo,</strong></span> <span class='ocrx_word' id='word_1_52' title='bbox 440 470 524 516; x_wconf 84' lang='lat' dir='ltr'><strong>quid</strong></span> <span class='ocrx_word' id='word_1_53' title='bbox 550 470 687 514; x_wconf 85' lang='lat' dir='ltr'><strong>sentiat,</strong></span> <span class='ocrx_word' id='word_1_54' title='bbox 725 470 795 505; x_wconf 85' lang='lat' dir='ltr'><strong>iam</strong></span> <span class='ocrx_word' id='word_1_55' title='bbox 834 470 966 516; x_wconf 81' lang='lat' dir='ltr'><strong>pridem</strong></span> <span class='ocrx_word' id='word_1_56' title='bbox 985 469 1025 513; x_wconf 79' lang='lat'><strong>⁸⁶)</strong></span> <span class='ocrx_word' id='word_1_57' title='bbox 1063 470 1287 515; x_wconf 88' lang='lat' dir='ltr'><strong>cognovimus</strong></span> <span class='ocrx_word' id='word_1_58' title='bbox 1327 468 1463 504; x_wconf 79' lang='lat' dir='ltr'><strong>adulari</strong></span> <span class='ocrx_word' id='word_1_59' title='bbox 1501 472 1625 514; x_wconf 86' lang='lat' dir='ltr'><strong>potest.</strong></span> <span class='ocrx_word' id='word_1_60' title='bbox 1669 467 1785 503; x_wconf 68' lang='lat' dir='ltr'><strong>Alteri</strong></span> 
     </span>
     <span class='ocr_line' id='line_1_7' title="bbox 129 527 1785 575; baseline -0.001 -11"><span class='ocrx_word' id='word_1_61' title='bbox 129 533 246 565; x_wconf 80' lang='lat' dir='ltr'><strong>autem</strong></span> <span class='ocrx_word' id='word_1_62' title='bbox 273 530 414 564; x_wconf 91' lang='lat' dir='ltr'><strong>omnino</strong></span> <span class='ocrx_word' id='word_1_63' title='bbox 440 528 541 564; x_wconf 78' lang='lat' dir='ltr'><strong>aliter</strong></span> <span class='ocrx_word' id='word_1_64' title='bbox 566 528 686 564; x_wconf 81' lang='lat' dir='ltr'><strong>obvius</strong></span> <span class='ocrx_word' id='word_1_65' title='bbox 714 528 763 564; x_wconf 87' lang='lat' dir='ltr'><strong>fit.</strong></span> <span class='ocrx_word' id='word_1_66' title='bbox 790 528 861 574; x_wconf 88' lang='lat' dir='ltr'><strong>Sic,</strong></span> <span class='ocrx_word' id='word_1_67' title='bbox 886 533 926 565; x_wconf 92' lang='lat' dir='ltr'><strong>ut</strong></span> <span class='ocrx_word' id='word_1_68' title='bbox 963 528 1122 575; x_wconf 84' lang='lat' dir='ltr'><strong>exemplo</strong></span> <span class='ocrx_word' id='word_1_69' title='bbox 1161 532 1248 572; x_wconf 85' lang='lat' dir='ltr'><strong>utar,</strong></span> <span class='ocrx_word' id='word_1_70' title='bbox 1285 527 1630 573; x_wconf 76' lang='lat' dir='ltr'><strong>Periplectomenem,</strong></span> <span class='ocrx_word' id='word_1_71' title='bbox 1665 538 1785 563; x_wconf 88' lang='lat' dir='ltr'><strong>senem</strong></span> 
     </span>
     <span class='ocr_line' id='line_1_8' title="bbox 129 586 1788 649; baseline -0.001 -27"><span class='ocrx_word' id='word_1_72' title='bbox 129 588 354 625; x_wconf 88' lang='lat' dir='ltr'><strong>iucunditatis</strong></span> <span class='ocrx_word' id='word_1_73' title='bbox 380 587 532 649; x_wconf 83' lang='lat' dir='ltr'><strong>plenum,</strong></span> <span class='ocrx_word' id='word_1_74' title='bbox 559 587 699 622; x_wconf 89' lang='lat' dir='ltr'><strong>omnino</strong></span> <span class='ocrx_word' id='word_1_75' title='bbox 726 587 827 622; x_wconf 81' lang='lat' dir='ltr'><strong>aliter</strong></span> <span class='ocrx_word' id='word_1_76' title='bbox 852 588 1015 624; x_wconf 85' lang='lat' dir='ltr'><strong>adulatur</strong></span> <span class='ocrx_word' id='word_1_77' title='bbox 1032 588 1083 632; x_wconf 82' lang='lat'><strong>⁸⁷).</strong></span> <span class='ocrx_word' id='word_1_78' title='bbox 1109 587 1190 622; x_wconf 91' lang='lat' dir='ltr'><strong>Hoc</strong></span> <span class='ocrx_word' id='word_1_79' title='bbox 1216 590 1352 622; x_wconf 87' lang='lat' dir='ltr'><strong>tantum</strong></span> <span class='ocrx_word' id='word_1_80' title='bbox 1379 587 1449 621; x_wconf 84' lang='lat' dir='ltr'><strong>iam</strong></span> <span class='ocrx_word' id='word_1_81' title='bbox 1471 586 1715 621; x_wconf 85' lang='lat' dir='ltr'><strong>admirandum</strong></span> <span class='ocrx_word' id='word_1_82' title='bbox 1734 589 1788 620; x_wconf 88' lang='lat' dir='ltr'><strong>est</strong></span> 
     </span>
     <span class='ocr_line' id='line_1_9' title="bbox 129 646 684 688; baseline -0.002 -6"><span class='ocrx_word' id='word_1_83' title='bbox 129 646 310 683; x_wconf 90' lang='lat' dir='ltr'><strong>consilium</strong></span> <span class='ocrx_word' id='word_1_84' title='bbox 337 650 372 682; x_wconf 91' lang='lat' dir='ltr'><strong>et</strong></span> <span class='ocrx_word' id='word_1_85' title='bbox 397 647 494 688; x_wconf 84' lang='lat' dir='ltr'><strong>servi</strong></span> <span class='ocrx_word' id='word_1_86' title='bbox 510 646 684 682; x_wconf 91' lang='lat' dir='ltr'><strong>iudicium.</strong></span> 
     </span>
    </p>

    <p class='ocr_par' dir='ltr' id='par_1_3' title="bbox 129 697 1811 1232">
     <span class='ocr_line' id='line_1_10' title="bbox 249 697 1785 752; baseline -0.001 -11"><span class='ocrx_word' id='word_1_87' title='bbox 249 705 356 742; x_wconf 86' lang='lat' dir='ltr'><strong>Adde</strong></span> <span class='ocrx_word' id='word_1_88' title='bbox 381 697 475 752; x_wconf 85' lang='lat' dir='ltr'><strong>quod</strong></span> <span class='ocrx_word' id='word_1_89' title='bbox 500 705 699 741; x_wconf 84' lang='lat' dir='ltr'><strong>fidelissimo</strong></span> <span class='ocrx_word' id='word_1_90' title='bbox 725 706 842 741; x_wconf 85' lang='lat' dir='ltr'><strong>animo</strong></span> <span class='ocrx_word' id='word_1_91' title='bbox 869 710 921 742; x_wconf 88' lang='lat' dir='ltr'><strong>est</strong></span> <span class='ocrx_word' id='word_1_92' title='bbox 946 707 981 741; x_wconf 87' lang='lat' dir='ltr'><strong>in</strong></span> <span class='ocrx_word' id='word_1_93' title='bbox 1008 706 1197 750; x_wconf 88' lang='lat' dir='ltr'><strong>dominum,</strong></span> <span class='ocrx_word' id='word_1_94' title='bbox 1237 706 1335 741; x_wconf 87' lang='lat' dir='ltr'><strong>cuius</strong></span> <span class='ocrx_word' id='word_1_95' title='bbox 1373 717 1491 740; x_wconf 84' lang='lat' dir='ltr'><strong>amore</strong></span> <span class='ocrx_word' id='word_1_96' title='bbox 1529 704 1654 741; x_wconf 88' lang='lat' dir='ltr'><strong>ductus</strong></span> <span class='ocrx_word' id='word_1_97' title='bbox 1692 704 1785 751; x_wconf 87' lang='lat' dir='ltr'><strong>apud</strong></span> 
     </span>
     <span class='ocr_line' id='line_1_11' title="bbox 131 763 1787 810; baseline -0.001 -10"><span class='ocrx_word' id='word_1_98' title='bbox 131 765 277 800; x_wconf 68' lang='lat' dir='ltr'><strong>militem</strong></span> <span class='ocrx_word' id='word_1_99' title='bbox 303 776 421 800; x_wconf 86' lang='lat' dir='ltr'><strong>servus</strong></span> <span class='ocrx_word' id='word_1_100' title='bbox 447 764 497 809; x_wconf 85' lang='lat' dir='ltr'><strong>fit,</strong></span> <span class='ocrx_word' id='word_1_101' title='bbox 523 764 577 799; x_wconf 92' lang='lat' dir='ltr'><strong>cui</strong></span> <span class='ocrx_word' id='word_1_102' title='bbox 604 764 743 800; x_wconf 85' lang='lat' dir='ltr'><strong>adiutor</strong></span> <span class='ocrx_word' id='word_1_103' title='bbox 767 768 819 800; x_wconf 86' lang='lat' dir='ltr'><strong>est</strong></span> <span class='ocrx_word' id='word_1_104' title='bbox 844 765 879 800; x_wconf 89' lang='lat' dir='ltr'><strong>in</strong></span> <span class='ocrx_word' id='word_1_105' title='bbox 905 766 999 800; x_wconf 90' lang='lat' dir='ltr'><strong>omni</strong></span> <span class='ocrx_word' id='word_1_106' title='bbox 1025 765 1232 809; x_wconf 83' lang='lat' dir='ltr'><strong>discrimine,</strong></span> <span class='ocrx_word' id='word_1_107' title='bbox 1259 776 1363 810; x_wconf 89' lang='lat' dir='ltr'><strong>quem</strong></span> <span class='ocrx_word' id='word_1_108' title='bbox 1389 764 1539 810; x_wconf 88' lang='lat' dir='ltr'><strong>denique</strong></span> <span class='ocrx_word' id='word_1_109' title='bbox 1556 764 1601 799; x_wconf 87' lang='lat' dir='ltr'><strong>ab</strong></span> <span class='ocrx_word' id='word_1_110' title='bbox 1627 763 1787 799; x_wconf 88' lang='lat' dir='ltr'><strong>omnibus</strong></span> 
     </span>
     <span class='ocr_line' id='line_1_12' title="bbox 131 823 1785 871; baseline -0.001 -11"><span class='ocrx_word' id='word_1_111' title='bbox 131 824 219 860; x_wconf 90' lang='lat' dir='ltr'><strong>dolis</strong></span> <span class='ocrx_word' id='word_1_112' title='bbox 245 827 281 860; x_wconf 89' lang='lat' dir='ltr'><strong>et</strong></span> <span class='ocrx_word' id='word_1_113' title='bbox 306 824 515 868; x_wconf 83' lang='lat' dir='ltr'><strong>criminibus,</strong></span> <span class='ocrx_word' id='word_1_114' title='bbox 540 836 632 869; x_wconf 91' lang='lat' dir='ltr'><strong>quae</strong></span> <span class='ocrx_word' id='word_1_115' title='bbox 658 824 779 860; x_wconf 85' lang='lat' dir='ltr'><strong>ceteris</strong></span> <span class='ocrx_word' id='word_1_116' title='bbox 807 826 990 871; x_wconf 86' lang='lat' dir='ltr'><strong>componit,</strong></span> <span class='ocrx_word' id='word_1_117' title='bbox 1017 825 1091 871; x_wconf 88' lang='lat' dir='ltr'><strong>ipse</strong></span> <span class='ocrx_word' id='word_1_118' title='bbox 1116 824 1286 871; x_wconf 83' lang='lat' dir='ltr'><strong>prohibet.</strong></span> <span class='ocrx_word' id='word_1_119' title='bbox 1313 823 1419 859; x_wconf 81' lang='lat' dir='ltr'><strong>Tales</strong></span> <span class='ocrx_word' id='word_1_120' title='bbox 1445 835 1558 859; x_wconf 88' lang='lat' dir='ltr'><strong>mores</strong></span> <span class='ocrx_word' id='word_1_121' title='bbox 1584 827 1689 870; x_wconf 70' lang='lat' dir='ltr'><strong>poeta</strong></span> <span class='ocrx_word' id='word_1_122' title='bbox 1703 835 1785 859; x_wconf 86' lang='lat' dir='ltr'><strong>con·</strong></span> 
     </span>
     <span class='ocr_line' id='line_1_13' title="bbox 129 882 1784 930; baseline -0.001 -11"><span class='ocrx_word' id='word_1_123' title='bbox 129 883 207 919; x_wconf 88' lang='lat' dir='ltr'><strong>silio</strong></span> <span class='ocrx_word' id='word_1_124' title='bbox 232 883 398 929; x_wconf 82' lang='lat' dir='ltr'><strong>depinxit.</strong></span> <span class='ocrx_word' id='word_1_125' title='bbox 426 882 515 919; x_wconf 87' lang='lat' dir='ltr'><strong>Cum</strong></span> <span class='ocrx_word' id='word_1_126' title='bbox 543 883 634 918; x_wconf 90' lang='lat' dir='ltr'><strong>enim</strong></span> <span class='ocrx_word' id='word_1_127' title='bbox 662 883 892 919; x_wconf 86' lang='lat' dir='ltr'><strong>Palaestrioni</strong></span> <span class='ocrx_word' id='word_1_128' title='bbox 917 896 1014 920; x_wconf 92' lang='lat' dir='ltr'><strong>servo</strong></span> <span class='ocrx_word' id='word_1_129' title='bbox 1032 884 1236 920; x_wconf 73' lang='lat' dir='ltr'><strong>adulescens</strong></span> <span class='ocrx_word' id='word_1_130' title='bbox 1258 895 1372 919; x_wconf 89' lang='lat' dir='ltr'><strong>rerum</strong></span> <span class='ocrx_word' id='word_1_131' title='bbox 1398 883 1579 930; x_wconf 88' lang='lat' dir='ltr'><strong>imperitus</strong></span> <span class='ocrx_word' id='word_1_132' title='bbox 1597 882 1784 918; x_wconf 87' lang='lat' dir='ltr'><strong>defenden-</strong></span> 
     </span>
     <span class='ocr_line' id='line_1_14' title="bbox 130 942 1785 990; baseline -0.001 -11"><span class='ocrx_word' id='word_1_133' title='bbox 130 943 195 979; x_wconf 85' lang='lat' dir='ltr'><strong>dus</strong></span> <span class='ocrx_word' id='word_1_134' title='bbox 222 943 267 979; x_wconf 91' lang='lat' dir='ltr'><strong>sit</strong></span> <span class='ocrx_word' id='word_1_135' title='bbox 292 946 413 978; x_wconf 85' lang='lat' dir='ltr'><strong>contra</strong></span> <span class='ocrx_word' id='word_1_136' title='bbox 438 942 594 987; x_wconf 80' lang='lat' dir='ltr'><strong>militem,</strong></span> <span class='ocrx_word' id='word_1_137' title='bbox 620 946 867 979; x_wconf 88' lang='lat' dir='ltr'><strong>ostentatorem</strong></span> <span class='ocrx_word' id='word_1_138' title='bbox 893 944 1079 990; x_wconf 83' lang='lat' dir='ltr'><strong>quendam,</strong></span> <span class='ocrx_word' id='word_1_139' title='bbox 1106 944 1164 990; x_wconf 93' lang='lat' dir='ltr'><strong>qui</strong></span> <span class='ocrx_word' id='word_1_140' title='bbox 1191 943 1381 979; x_wconf 76' lang='lat' dir='ltr'><strong>mendaciis</strong></span> <span class='ocrx_word' id='word_1_141' title='bbox 1419 943 1678 979; x_wconf 82' lang='lat' dir='ltr'><strong>incredibilibus</strong></span> <span class='ocrx_word' id='word_1_142' title='bbox 1704 955 1785 978; x_wconf 89' lang='lat' dir='ltr'><strong>one-</strong></span> 
     </span>
     <span class='ocr_line' id='line_1_15' title="bbox 129 1002 1786 1055; baseline 0 -18"><span class='ocrx_word' id='word_1_143' title='bbox 129 1006 236 1055; x_wconf 83' lang='lat' dir='ltr'><strong>ratur,</strong></span> <span class='ocrx_word' id='word_1_144' title='bbox 262 1006 298 1037; x_wconf 91' lang='lat' dir='ltr'><strong>et</strong></span> <span class='ocrx_word' id='word_1_145' title='bbox 323 1006 444 1037; x_wconf 88' lang='lat' dir='ltr'><strong>contra</strong></span> <span class='ocrx_word' id='word_1_146' title='bbox 469 1002 709 1038; x_wconf 87' lang='lat' dir='ltr'><strong>stultissimum</strong></span> <span class='ocrx_word' id='word_1_147' title='bbox 735 1015 919 1047; x_wconf 81' lang='lat' dir='ltr'><strong>servorum,</strong></span> <span class='ocrx_word' id='word_1_148' title='bbox 945 1003 1048 1039; x_wconf 91' lang='lat' dir='ltr'><strong>huius</strong></span> <span class='ocrx_word' id='word_1_149' title='bbox 1076 1003 1256 1038; x_wconf 90' lang='lat' dir='ltr'><strong>consilium</strong></span> <span class='ocrx_word' id='word_1_150' title='bbox 1283 1015 1325 1038; x_wconf 86' lang='lat' dir='ltr'><strong>ac</strong></span> <span class='ocrx_word' id='word_1_151' title='bbox 1350 1003 1582 1050; x_wconf 83' lang='lat' dir='ltr'><strong>prudentiam,</strong></span> <span class='ocrx_word' id='word_1_152' title='bbox 1609 1003 1786 1048; x_wconf 88' lang='lat' dir='ltr'><strong>ingenium</strong></span> 
     </span>
     <span class='ocr_line' id='line_1_16' title="bbox 130 1058 1788 1109; baseline 0.001 -12"><span class='ocrx_word' id='word_1_153' title='bbox 130 1058 236 1109; x_wconf 56' lang='lat' dir='ltr'><strong>ablue</strong></span> <span class='ocrx_word' id='word_1_154' title='bbox 262 1062 437 1106; x_wconf 86' lang='lat' dir='ltr'><strong>astutiam,</strong></span> <span class='ocrx_word' id='word_1_155' title='bbox 463 1074 582 1098; x_wconf 91' lang='lat' dir='ltr'><strong>omnes</strong></span> <span class='ocrx_word' id='word_1_156' title='bbox 609 1062 715 1097; x_wconf 87' lang='lat' dir='ltr'><strong>animi</strong></span> <span class='ocrx_word' id='word_1_157' title='bbox 740 1062 894 1105; x_wconf 82' lang='lat' dir='ltr'><strong>virtutes,</strong></span> <span class='ocrx_word' id='word_1_158' title='bbox 920 1062 1070 1098; x_wconf 84' lang='lat' dir='ltr'><strong>maxime</strong></span> <span class='ocrx_word' id='word_1_159' title='bbox 1096 1062 1361 1108; x_wconf 82' lang='lat' dir='ltr'><strong>explendescere</strong></span> <span class='ocrx_word' id='word_1_160' title='bbox 1387 1066 1532 1109; x_wconf 71' lang='lat' dir='ltr'><strong>oportet,</strong></span> <span class='ocrx_word' id='word_1_161' title='bbox 1558 1075 1628 1108; x_wconf 91' lang='lat' dir='ltr'><strong>quo</strong></span> <span class='ocrx_word' id='word_1_162' title='bbox 1653 1062 1788 1099; x_wconf 84' lang='lat' dir='ltr'><strong>facilius</strong></span> 
     </span>
     <span class='ocr_line' id='line_1_17' title="bbox 130 1121 1787 1168; baseline 0.001 -12"><span class='ocrx_word' id='word_1_163' title='bbox 130 1122 323 1157; x_wconf 86' lang='lat' dir='ltr'><strong>contrariae</strong></span> <span class='ocrx_word' id='word_1_164' title='bbox 361 1125 582 1167; x_wconf 88' lang='lat' dir='ltr'><strong>opponantur</strong></span> <span class='ocrx_word' id='word_1_165' title='bbox 619 1122 795 1157; x_wconf 85' lang='lat' dir='ltr'><strong>vitiositati</strong></span> <span class='ocrx_word' id='word_1_166' title='bbox 826 1122 969 1157; x_wconf 81' lang='lat' dir='ltr'><strong>istorum</strong></span> <span class='ocrx_word' id='word_1_167' title='bbox 1008 1121 1197 1157; x_wconf 89' lang='lat' dir='ltr'><strong>hominum.</strong></span> <span class='ocrx_word' id='word_1_168' title='bbox 1236 1122 1332 1157; x_wconf 88' lang='lat' dir='ltr'><strong>Huic</strong></span> <span class='ocrx_word' id='word_1_169' title='bbox 1358 1134 1456 1158; x_wconf 88' lang='lat' dir='ltr'><strong>servo</strong></span> <span class='ocrx_word' id='word_1_170' title='bbox 1482 1122 1627 1168; x_wconf 80' lang='lat' dir='ltr'><strong>praedito</strong></span> <span class='ocrx_word' id='word_1_171' title='bbox 1651 1133 1787 1157; x_wconf 91' lang='lat' dir='ltr'><strong>summo</strong></span> 
     </span>
     <span class='ocr_line' id='line_1_18' title="bbox 129 1172 1811 1232; baseline 0.001 -16"><span class='ocrx_word' id='word_1_172' title='bbox 129 1181 268 1227; x_wconf 87' lang='lat' dir='ltr'><strong>ingenio</strong></span> <span class='ocrx_word' id='word_1_173' title='bbox 281 1179 518 1227; x_wconf 85' lang='lat' dir='ltr'><strong>Milphidippa</strong></span> <span class='ocrx_word' id='word_1_174' title='bbox 530 1180 605 1216; x_wconf 87' lang='lat' dir='ltr'><strong>sola</strong></span> <span class='ocrx_word' id='word_1_175' title='bbox 622 1181 815 1227; x_wconf 87' lang='lat' dir='ltr'><strong>comparari</strong></span> <span class='ocrx_word' id='word_1_176' title='bbox 832 1184 955 1227; x_wconf 84' lang='lat' dir='ltr'><strong>potest,</strong></span> <span class='ocrx_word' id='word_1_177' title='bbox 972 1172 1049 1226; x_wconf 88' lang='lat' dir='ltr'><strong>quae</strong></span> <span class='ocrx_word' id='word_1_178' title='bbox 1066 1184 1106 1216; x_wconf 89' lang='grc' dir='ltr'><strong>ιιι</strong></span> <span class='ocrx_word' id='word_1_179' title='bbox 1122 1181 1195 1227; x_wconf 88' lang='lat' dir='ltr'><strong>ipse</strong></span> <span class='ocrx_word' id='word_1_180' title='bbox 1211 1180 1395 1217; x_wconf 85' lang='lat' dir='ltr'><strong>confitetur</strong></span> <span class='ocrx_word' id='word_1_181' title='bbox 1411 1193 1492 1217; x_wconf 91' lang='lat' dir='ltr'><strong>eum</strong></span> <span class='ocrx_word' id='word_1_182' title='bbox 1511 1181 1617 1217; x_wconf 86' lang='lat' dir='ltr'><strong>etiam</strong></span> <span class='ocrx_word' id='word_1_183' title='bbox 1635 1185 1786 1227; x_wconf 72' lang='lat' dir='ltr'><strong>superat.</strong></span> <span class='ocrx_word' id='word_1_184' title='bbox 1808 1228 1811 1232; x_wconf 20' lang='lat'>²</span> 
     </span>
    </p>
   </div>
   <div class='ocr_carea' id='block_1_3' title="bbox 131 1249 1789 1532">
    <p class='ocr_par' dir='ltr' id='par_1_4' title="bbox 131 1249 1789 1532">
     <span class='ocr_line' id='line_1_19' title="bbox 251 1249 1788 1296; baseline 0.001 -11"><span class='ocrx_word' id='word_1_185' title='bbox 251 1249 464 1292; x_wconf 86' lang='lat' dir='ltr'><strong>Sceledrum,</strong></span> <span class='ocrx_word' id='word_1_186' title='bbox 489 1250 588 1295; x_wconf 84' lang='lat' dir='ltr'><strong>quasi</strong></span> <span class='ocrx_word' id='word_1_187' title='bbox 615 1250 720 1296; x_wconf 85' lang='lat' dir='ltr'><strong>pilam</strong></span> <span class='ocrx_word' id='word_1_188' title='bbox 747 1250 854 1285; x_wconf 87' lang='lat' dir='ltr'><strong>habet</strong></span> <span class='ocrx_word' id='word_1_189' title='bbox 880 1261 1083 1294; x_wconf 82' lang='lat' dir='ltr'><strong>couservus3</strong></span> <span class='ocrx_word' id='word_1_190' title='bbox 1108 1250 1179 1285; x_wconf 85' lang='lat' dir='ltr'><strong>sive</strong></span> <span class='ocrx_word' id='word_1_191' title='bbox 1195 1250 1268 1285; x_wconf 90' lang='lat' dir='ltr'><strong>eius</strong></span> <span class='ocrx_word' id='word_1_192' title='bbox 1286 1250 1456 1286; x_wconf 88' lang='lat' dir='ltr'><strong>inclutum</strong></span> <span class='ocrx_word' id='word_1_193' title='bbox 1474 1251 1630 1285; x_wconf 87' lang='lat' dir='ltr'><strong>animum</strong></span> <span class='ocrx_word' id='word_1_194' title='bbox 1656 1251 1788 1294; x_wconf 82' lang='lat' dir='ltr'><strong>ironice</strong></span> 
     </span>
     <span class='ocr_line' id='line_1_20' title="bbox 131 1308 1787 1358; baseline 0.001 -15"><span class='ocrx_word' id='word_1_195' title='bbox 131 1309 305 1353; x_wconf 2' lang='lat' dir='ltr'><strong>ingmaius</strong></span> <span class='ocrx_word' id='word_1_196' title='bbox 331 1309 422 1344; x_wconf 90' lang='lat' dir='ltr'><strong>tollit</strong></span> <span class='ocrx_word' id='word_1_197' title='bbox 439 1309 480 1353; x_wconf 77' lang='lat'><strong>³⁸)</strong></span> <span class='ocrx_word' id='word_1_198' title='bbox 507 1309 576 1344; x_wconf 89' lang='lat' dir='ltr'><strong>sive</strong></span> <span class='ocrx_word' id='word_1_199' title='bbox 603 1309 735 1344; x_wconf 81' lang='lat' dir='ltr'><strong>acerbis</strong></span> <span class='ocrx_word' id='word_1_200' title='bbox 761 1309 893 1344; x_wconf 80' lang='lat' dir='ltr'><strong>facetiis</strong></span> <span class='ocrx_word' id='word_1_201' title='bbox 919 1321 999 1343; x_wconf 92' lang='lat' dir='ltr'><strong>eum</strong></span> <span class='ocrx_word' id='word_1_202' title='bbox 1024 1308 1145 1343; x_wconf 88' lang='lat' dir='ltr'><strong>irridet</strong></span> <span class='ocrx_word' id='word_1_203' title='bbox 1160 1310 1201 1352; x_wconf 75' lang='lat'><strong>³⁹)</strong></span> <span class='ocrx_word' id='word_1_204' title='bbox 1228 1309 1298 1343; x_wconf 88' lang='lat' dir='ltr'><strong>sive</strong></span> <span class='ocrx_word' id='word_1_205' title='bbox 1325 1320 1403 1344; x_wconf 87' lang='lat' dir='ltr'><strong>eum</strong></span> <span class='ocrx_word' id='word_1_206' title='bbox 1422 1309 1476 1358; x_wconf 20' lang='lat' dir='ltr'><strong>‘ad</strong></span> <span class='ocrx_word' id='word_1_207' title='bbox 1502 1309 1626 1344; x_wconf 85' lang='lat' dir='ltr'><strong>incitas</strong></span> <span class='ocrx_word' id='word_1_208' title='bbox 1651 1309 1787 1354; x_wconf 86' lang='lat' dir='ltr'><strong>redigit,</strong></span> 
     </span>
     <span class='ocr_line' id='line_1_21' title="bbox 134 1367 1788 1414; baseline 0.001 -12"><span class='ocrx_word' id='word_1_209' title='bbox 134 1367 222 1403; x_wconf 88' lang='lat' dir='ltr'><strong>adeo</strong></span> <span class='ocrx_word' id='word_1_210' title='bbox 247 1371 287 1402; x_wconf 89' lang='lat' dir='ltr'><strong>ut</strong></span> <span class='ocrx_word' id='word_1_211' title='bbox 322 1367 426 1402; x_wconf 91' lang='lat' dir='ltr'><strong>homo</strong></span> <span class='ocrx_word' id='word_1_212' title='bbox 462 1367 671 1413; x_wconf 59' lang='lat' dir='ltr'><strong>plumbeus,</strong></span> <span class='ocrx_word' id='word_1_213' title='bbox 693 1367 792 1412; x_wconf 85' lang='lat' dir='ltr'><strong>quasi</strong></span> <span class='ocrx_word' id='word_1_214' title='bbox 830 1379 1023 1413; x_wconf 90' lang='lat' dir='ltr'><strong>percussus,</strong></span> <span class='ocrx_word' id='word_1_215' title='bbox 1057 1367 1130 1412; x_wconf 90' lang='lat' dir='ltr'><strong>ipse</strong></span> <span class='ocrx_word' id='word_1_216' title='bbox 1169 1379 1205 1402; x_wconf 88' lang='lat' dir='ltr'><strong>se</strong></span> <span class='ocrx_word' id='word_1_217' title='bbox 1232 1367 1472 1403; x_wconf 82' lang='lat' dir='ltr'><strong>stultissimum</strong></span> <span class='ocrx_word' id='word_1_218' title='bbox 1512 1380 1587 1403; x_wconf 88' lang='lat' dir='ltr'><strong>esse</strong></span> <span class='ocrx_word' id='word_1_219' title='bbox 1613 1371 1788 1414; x_wconf 86' lang='lat' dir='ltr'><strong>postremo</strong></span> 
     </span>
     <span class='ocr_line' id='line_1_22' title="bbox 132 1425 1788 1474; baseline 0 -12"><span class='ocrx_word' id='word_1_220' title='bbox 132 1426 252 1462; x_wconf 90' lang='lat' dir='ltr'><strong>credat</strong></span> <span class='ocrx_word' id='word_1_221' title='bbox 267 1427 317 1471; x_wconf 88' lang='lat'><strong>⁴⁰).</strong></span> <span class='ocrx_word' id='word_1_222' title='bbox 358 1425 491 1472; x_wconf 82' lang='lat' dir='ltr'><strong>Quanti</strong></span> <span class='ocrx_word' id='word_1_223' title='bbox 530 1427 731 1462; x_wconf 86' lang='lat' dir='ltr'><strong>aestimetur</strong></span> <span class='ocrx_word' id='word_1_224' title='bbox 771 1426 904 1462; x_wconf 89' lang='lat' dir='ltr'><strong>indoles</strong></span> <span class='ocrx_word' id='word_1_225' title='bbox 943 1426 1045 1462; x_wconf 89' lang='lat' dir='ltr'><strong>huius</strong></span> <span class='ocrx_word' id='word_1_226' title='bbox 1085 1426 1244 1470; x_wconf 90' lang='lat' dir='ltr'><strong>hominis,</strong></span> <span class='ocrx_word' id='word_1_227' title='bbox 1285 1426 1386 1462; x_wconf 89' lang='lat' dir='ltr'><strong>facile</strong></span> <span class='ocrx_word' id='word_1_228' title='bbox 1408 1427 1575 1474; x_wconf 5' lang='lat' dir='ltr'><strong>,perspici</strong></span> <span class='ocrx_word' id='word_1_229' title='bbox 1604 1431 1720 1473; x_wconf 90' lang='lat' dir='ltr'><strong>potest</strong></span> <span class='ocrx_word' id='word_1_230' title='bbox 1745 1439 1788 1462; x_wconf 86' lang='lat' dir='ltr'><strong>ex</strong></span> 
     </span>
     <span class='ocr_line' id='line_1_23' title="bbox 133 1485 1789 1532; baseline 0.001 -11"><span class='ocrx_word' id='word_1_231' title='bbox 133 1486 439 1532; x_wconf 89' lang='lat' dir='ltr'><strong>Periplectomenis</strong></span> <span class='ocrx_word' id='word_1_232' title='bbox 465 1486 574 1530; x_wconf 82' lang='lat' dir='ltr'><strong>dictis,</strong></span> <span class='ocrx_word' id='word_1_233' title='bbox 592 1486 651 1531; x_wconf 90' lang='lat' dir='ltr'><strong>qui</strong></span> <span class='ocrx_word' id='word_1_234' title='bbox 667 1486 712 1521; x_wconf 87' lang='lat' dir='ltr'><strong>ab</strong></span> <span class='ocrx_word' id='word_1_235' title='bbox 728 1486 841 1521; x_wconf 89' lang='lat' dir='ltr'><strong>occisa</strong></span> <span class='ocrx_word' id='word_1_236' title='bbox 858 1498 918 1520; x_wconf 91' lang='lat' dir='ltr'><strong>sue</strong></span> <span class='ocrx_word' id='word_1_237' title='bbox 937 1486 1104 1521; x_wconf 89' lang='lat' dir='ltr'><strong>maiorem</strong></span> <span class='ocrx_word' id='word_1_238' title='bbox 1124 1485 1345 1531; x_wconf 88' lang='lat' dir='ltr'><strong>prudentiam</strong></span> <span class='ocrx_word' id='word_1_239' title='bbox 1372 1486 1459 1532; x_wconf 87' lang='lat' dir='ltr'><strong>petit</strong></span> <span class='ocrx_word' id='word_1_240' title='bbox 1475 1498 1581 1532; x_wconf 84' lang='lat' dir='ltr'><strong>quam</strong></span> <span class='ocrx_word' id='word_1_241' title='bbox 1599 1486 1644 1522; x_wconf 90' lang='lat' dir='ltr'><strong>ab</strong></span> <span class='ocrx_word' id='word_1_242' title='bbox 1661 1486 1721 1522; x_wconf 91' lang='lat' dir='ltr'><strong>illo</strong></span> <span class='ocrx_word' id='word_1_243' title='bbox 1737 1487 1789 1532; x_wconf 83' lang='lat'><strong>⁴¹).</strong></span> 
     </span>
    </p>
   </div>
   <div class='ocr_carea' id='block_1_4' title="bbox 108 1555 1797 2435">
    <p class='ocr_par' dir='ltr' id='par_1_5' title="bbox 250 1555 1790 1602">
     <span class='ocr_line' id='line_1_24' title="bbox 250 1555 1790 1602; baseline 0.001 -11"><span class='ocrx_word' id='word_1_244' title='bbox 250 1555 386 1601; x_wconf 89' lang='lat' dir='ltr'><strong>Lucrio,</strong></span> <span class='ocrx_word' id='word_1_245' title='bbox 412 1556 532 1591; x_wconf 84' lang='lat' dir='ltr'><strong>tertius</strong></span> <span class='ocrx_word' id='word_1_246' title='bbox 573 1567 765 1599; x_wconf 89' lang='lat' dir='ltr'><strong>conservus,</strong></span> <span class='ocrx_word' id='word_1_247' title='bbox 794 1556 1023 1601; x_wconf 90' lang='lat' dir='ltr'><strong>nequissimus</strong></span> <span class='ocrx_word' id='word_1_248' title='bbox 1049 1559 1103 1591; x_wconf 89' lang='lat' dir='ltr'><strong>est</strong></span> <span class='ocrx_word' id='word_1_249' title='bbox 1127 1556 1280 1591; x_wconf 89' lang='lat' dir='ltr'><strong>omnium</strong></span> <span class='ocrx_word' id='word_1_250' title='bbox 1307 1559 1343 1591; x_wconf 92' lang='lat' dir='ltr'><strong>et</strong></span> <span class='ocrx_word' id='word_1_251' title='bbox 1368 1556 1670 1601; x_wconf 72' lang='lat' dir='ltr'><strong>arrogantissimus</strong></span> <span class='ocrx_word' id='word_1_252' title='bbox 1696 1568 1790 1602; x_wconf 83' lang='lat' dir='ltr'><strong>puer.</strong></span> 
     </span>
    </p>

    <p class='ocr_par' dir='ltr' id='par_1_6' title="bbox 108 1614 1797 2435">
     <span class='ocr_line' id='line_1_25' title="bbox 249 1614 1790 1661; baseline 0.001 -11"><span class='ocrx_word' id='word_1_253' title='bbox 249 1615 453 1659; x_wconf 76' lang='lat' dir='ltr'><strong>Pseudolus,</strong></span> <span class='ocrx_word' id='word_1_254' title='bbox 492 1615 588 1650; x_wconf 88' lang='lat' dir='ltr'><strong>cuius</strong></span> <span class='ocrx_word' id='word_1_255' title='bbox 628 1626 753 1650; x_wconf 88' lang='lat' dir='ltr'><strong>nomen</strong></span> <span class='ocrx_word' id='word_1_256' title='bbox 795 1614 875 1649; x_wconf 90' lang='lat' dir='ltr'><strong>dolo</strong></span> <span class='ocrx_word' id='word_1_257' title='bbox 901 1618 936 1649; x_wconf 90' lang='lat' dir='ltr'><strong>et</strong></span> <span class='ocrx_word' id='word_1_258' title='bbox 974 1614 1154 1650; x_wconf 72' lang='lat' dir='ltr'><strong>mendacio</strong></span> <span class='ocrx_word' id='word_1_259' title='bbox 1193 1618 1246 1650; x_wconf 87' lang='lat' dir='ltr'><strong>est</strong></span> <span class='ocrx_word' id='word_1_260' title='bbox 1282 1615 1525 1661; x_wconf 89' lang='lat' dir='ltr'><strong>compositum,</strong></span> <span class='ocrx_word' id='word_1_261' title='bbox 1567 1627 1680 1651; x_wconf 89' lang='lat' dir='ltr'><strong>mores</strong></span> <span class='ocrx_word' id='word_1_262' title='bbox 1709 1626 1790 1651; x_wconf 81' lang='lat' dir='ltr'><strong>¹non</strong></span> 
     </span>
     <span class='ocr_line' id='line_1_26' title="bbox 132 1661 1792 1721; baseline 0 -11"><span class='ocrx_word' id='word_1_263' title='bbox 132 1675 312 1721; x_wconf 82' lang='lat' dir='ltr'><strong>exprimit3</strong></span> <span class='ocrx_word' id='word_1_264' title='bbox 340 1661 457 1710; x_wconf 49' lang='lat' dir='ltr'><strong>serv&#39;us</strong></span> <span class='ocrx_word' id='word_1_265' title='bbox 483 1678 536 1710; x_wconf 90' lang='lat' dir='ltr'><strong>est</strong></span> <span class='ocrx_word' id='word_1_266' title='bbox 560 1674 717 1718; x_wconf 84' lang='lat' dir='ltr'><strong>callidus,</strong></span> <span class='ocrx_word' id='word_1_267' title='bbox 747 1674 843 1710; x_wconf 88' lang='lat' dir='ltr'><strong>cuius</strong></span> <span class='ocrx_word' id='word_1_268' title='bbox 870 1674 1084 1716; x_wconf 88' lang='lat' dir='ltr'><strong>confidentia</strong></span> <span class='ocrx_word' id='word_1_269' title='bbox 1109 1686 1187 1710; x_wconf 92' lang='lat' dir='ltr'><strong>cum</strong></span> <span class='ocrx_word' id='word_1_270' title='bbox 1214 1674 1391 1709; x_wconf 81' lang='lat' dir='ltr'><strong>hilaritate</strong></span> <span class='ocrx_word' id='word_1_271' title='bbox 1431 1674 1617 1710; x_wconf 80' lang='lat' dir='ltr'><strong>coniuncta</strong></span> <span class='ocrx_word' id='word_1_272' title='bbox 1654 1679 1715 1710; x_wconf 89' lang='lat' dir='ltr'><strong>est.</strong></span> <span class='ocrx_word' id='word_1_273' title='bbox 1751 1675 1792 1710; x_wconf 87' lang='lat' dir='ltr'><strong>-Is</strong></span> 
     </span>
     <span class='ocr_line' id='line_1_27' title="bbox 133 1732 1790 1779; baseline 0 -10"><span class='ocrx_word' id='word_1_274' title='bbox 133 1737 186 1769; x_wconf 89' lang='lat' dir='ltr'><strong>est</strong></span> <span class='ocrx_word' id='word_1_275' title='bbox 211 1733 454 1774; x_wconf 87' lang='lat' dir='ltr'><strong>internuntius,</strong></span> <span class='ocrx_word' id='word_1_276' title='bbox 480 1733 538 1778; x_wconf 89' lang='lat' dir='ltr'><strong>qui</strong></span> <span class='ocrx_word' id='word_1_277' title='bbox 565 1733 779 1768; x_wconf 84' lang='lat' dir='ltr'><strong>occasionem</strong></span> <span class='ocrx_word' id='word_1_278' title='bbox 805 1736 969 1779; x_wconf 75' lang='lat' dir='ltr'><strong>praestat,</strong></span> <span class='ocrx_word' id='word_1_279' title='bbox 994 1732 1186 1778; x_wconf 87' lang='lat' dir='ltr'><strong>eidemque,</strong></span> <span class='ocrx_word' id='word_1_280' title='bbox 1222 1745 1312 1779; x_wconf 86' lang='lat' dir='ltr'><strong>quae</strong></span> <span class='ocrx_word' id='word_1_281' title='bbox 1337 1732 1518 1768; x_wconf 85' lang='lat' dir='ltr'><strong>hominum</strong></span> <span class='ocrx_word' id='word_1_282' title='bbox 1543 1733 1648 1769; x_wconf 91' lang='lat' dir='ltr'><strong>trium</strong></span> <span class='ocrx_word' id='word_1_283' title='bbox 1675 1733 1790 1769; x_wconf 80' lang='lat' dir='ltr'><strong>litera-</strong></span> 
     </span>
     <span class='ocr_line' id='line_1_28' title="bbox 133 1786 1792 1839; baseline 0 -10"><span class='ocrx_word' id='word_1_284' title='bbox 133 1806 209 1829; x_wconf 90' lang='lat' dir='ltr'><strong>rum</strong></span> <span class='ocrx_word' id='word_1_285' title='bbox 235 1797 289 1829; x_wconf 90' lang='lat' dir='ltr'><strong>est</strong></span> <span class='ocrx_word' id='word_1_286' title='bbox 313 1797 432 1837; x_wconf 85' lang='lat' dir='ltr'><strong>mater,</strong></span> <span class='ocrx_word' id='word_1_287' title='bbox 460 1793 565 1828; x_wconf 89' lang='lat' dir='ltr'><strong>etiam</strong></span> <span class='ocrx_word' id='word_1_288' title='bbox 592 1792 743 1828; x_wconf 85' lang='lat' dir='ltr'><strong>confidit.</strong></span> <span class='ocrx_word' id='word_1_289' title='bbox 786 1792 842 1827; x_wconf 87' lang='lat' dir='ltr'><strong>Ex</strong></span> <span class='ocrx_word' id='word_1_290' title='bbox 868 1792 941 1828; x_wconf 90' lang='lat' dir='ltr'><strong>eius</strong></span> <span class='ocrx_word' id='word_1_291' title='bbox 967 1791 1119 1828; x_wconf 89' lang='lat' dir='ltr'><strong>consiliis</strong></span> <span class='ocrx_word' id='word_1_292' title='bbox 1140 1792 1382 1838; x_wconf 87' lang='lat' dir='ltr'><strong>intellegimus,</strong></span> <span class='ocrx_word' id='word_1_293' title='bbox 1404 1804 1483 1828; x_wconf 89' lang='lat' dir='ltr'><strong>eum</strong></span> <span class='ocrx_word' id='word_1_294' title='bbox 1502 1805 1650 1839; x_wconf 81' lang='lat' dir='ltr'><strong>magnas</strong></span> <span class='ocrx_word' id='word_1_295' title='bbox 1676 1786 1792 1839; x_wconf 79' lang='lat' dir='ltr'><strong>partes</strong></span> 
     </span>
     <span class='ocr_line' id='line_1_29' title="bbox 133 1848 1792 1899; baseline 0 -11"><span class='ocrx_word' id='word_1_296' title='bbox 133 1853 291 1888; x_wconf 84' lang='lat' dir='ltr'><strong>trifurum</strong></span> <span class='ocrx_word' id='word_1_297' title='bbox 319 1865 389 1888; x_wconf 89' lang='lat' dir='ltr'><strong>non</strong></span> <span class='ocrx_word' id='word_1_298' title='bbox 415 1864 527 1899; x_wconf 85' lang='lat' dir='ltr'><strong>agere.</strong></span> <span class='ocrx_word' id='word_1_299' title='bbox 555 1851 719 1896; x_wconf 77' lang='lat' dir='ltr'><strong>Consilia,</strong></span> <span class='ocrx_word' id='word_1_300' title='bbox 737 1855 775 1887; x_wconf 90' lang='lat' dir='ltr'><strong>ut</strong></span> <span class='ocrx_word' id='word_1_301' title='bbox 792 1851 899 1896; x_wconf 88' lang='lat' dir='ltr'><strong>decet,</strong></span> <span class='ocrx_word' id='word_1_302' title='bbox 919 1855 1001 1887; x_wconf 86' lang='lat' dir='ltr'><strong>sunt</strong></span> <span class='ocrx_word' id='word_1_303' title='bbox 1017 1854 1131 1898; x_wconf 83' lang='lat' dir='ltr'><strong>capta,</strong></span> <span class='ocrx_word' id='word_1_304' title='bbox 1150 1851 1307 1897; x_wconf 84' lang='lat' dir='ltr'><strong>quamvis</strong></span> <span class='ocrx_word' id='word_1_305' title='bbox 1334 1848 1523 1888; x_wconf 76' lang='lat' dir='ltr'><strong>inhoneste,</strong></span> <span class='ocrx_word' id='word_1_306' title='bbox 1536 1852 1607 1888; x_wconf 84' lang='lat' dir='ltr'><strong>siut</strong></span> <span class='ocrx_word' id='word_1_307' title='bbox 1631 1852 1792 1899; x_wconf 87' lang='lat' dir='ltr'><strong>perfecta.</strong></span> 
     </span>
     <span class='ocr_line' id='line_1_30' title="bbox 108 1905 1794 1964; baseline -0.001 -14"><span class='ocrx_word' id='word_1_308' title='bbox 108 1947 114 1952; x_wconf 88' lang='lat'>.</span> <span class='ocrx_word' id='word_1_309' title='bbox 135 1912 186 1964; x_wconf 69' lang='lat' dir='ltr'><strong>Se⁴</strong></span> <span class='ocrx_word' id='word_1_310' title='bbox 208 1913 323 1960; x_wconf 87' lang='lat' dir='ltr'><strong>ipsum</strong></span> <span class='ocrx_word' id='word_1_311' title='bbox 350 1925 429 1949; x_wconf 91' lang='lat' dir='ltr'><strong>cum</strong></span> <span class='ocrx_word' id='word_1_312' title='bbox 454 1916 569 1959; x_wconf 73' lang='lat' dir='ltr'><strong>poeta,</strong></span> <span class='ocrx_word' id='word_1_313' title='bbox 594 1912 653 1958; x_wconf 91' lang='lat' dir='ltr'><strong>qui</strong></span> <span class='ocrx_word' id='word_1_314' title='bbox 692 1912 734 1947; x_wconf 92' lang='lat' dir='ltr'><strong>de</strong></span> <span class='ocrx_word' id='word_1_315' title='bbox 773 1911 880 1947; x_wconf 85' lang='lat' dir='ltr'><strong>nihilo</strong></span> <span class='ocrx_word' id='word_1_316' title='bbox 918 1911 1036 1947; x_wconf 85' lang='lat' dir='ltr'><strong>omnia</strong></span> <span class='ocrx_word' id='word_1_317' title='bbox 1074 1915 1186 1958; x_wconf 82' lang='lat' dir='ltr'><strong>parat,</strong></span> <span class='ocrx_word' id='word_1_318' title='bbox 1212 1911 1412 1958; x_wconf 83' lang='lat' dir='ltr'><strong>comparat!</strong></span> <span class='ocrx_word' id='word_1_319' title='bbox 1455 1912 1604 1948; x_wconf 88' lang='lat' dir='ltr'><strong>Infelix!</strong></span> <span class='ocrx_word' id='word_1_320' title='bbox 1632 1905 1794 1960; x_wconf 76' lang='lat' dir='ltr'><strong>Quantas</strong></span> 
     </span>
     <span class='ocr_line' id='line_1_31' title="bbox 132 1968 1794 2020; baseline 0.001 -12"><span class='ocrx_word' id='word_1_321' title='bbox 132 1976 357 2019; x_wconf 86' lang='lat' dir='ltr'><strong>tempestates</strong></span> <span class='ocrx_word' id='word_1_322' title='bbox 384 1972 451 2007; x_wconf 83' lang='lat' dir='ltr'><strong>hac</strong></span> <span class='ocrx_word' id='word_1_323' title='bbox 477 1973 735 2018; x_wconf 83' lang='lat' dir='ltr'><strong>comparatione</strong></span> <span class='ocrx_word' id='word_1_324' title='bbox 762 1968 945 2007; x_wconf 75' lang='lat' dir='ltr'><strong>excitavit!</strong></span> <span class='ocrx_word' id='word_1_325' title='bbox 974 1970 1090 2016; x_wconf 89' lang='lat' dir='ltr'><strong>Adde,</strong></span> <span class='ocrx_word' id='word_1_326' title='bbox 1116 1971 1208 2017; x_wconf 88' lang='lat' dir='ltr'><strong>quod</strong></span> <span class='ocrx_word' id='word_1_327' title='bbox 1235 1971 1322 2007; x_wconf 88' lang='lat' dir='ltr'><strong>forte</strong></span> <span class='ocrx_word' id='word_1_328' title='bbox 1352 1972 1403 2007; x_wconf 85' lang='lat' dir='ltr'><strong>ita</strong></span> <span class='ocrx_word' id='word_1_329' title='bbox 1428 1973 1552 2017; x_wconf 86' lang='lat' dir='ltr'><strong>evenit,</strong></span> <span class='ocrx_word' id='word_1_330' title='bbox 1579 1977 1619 2008; x_wconf 92' lang='lat' dir='ltr'><strong>ut</strong></span> <span class='ocrx_word' id='word_1_331' title='bbox 1643 1972 1794 2020; x_wconf 83' lang='lat' dir='ltr'><strong>Harpax</strong></span> 
     </span>
     <span class='ocr_line' id='line_1_32' title="bbox 134 2030 1796 2079; baseline 0.001 -12"><span class='ocrx_word' id='word_1_332' title='bbox 134 2036 272 2068; x_wconf 85' lang='lat' dir='ltr'><strong>omnem</strong></span> <span class='ocrx_word' id='word_1_333' title='bbox 298 2032 531 2068; x_wconf 90' lang='lat' dir='ltr'><strong>membrorum</strong></span> <span class='ocrx_word' id='word_1_334' title='bbox 557 2035 592 2068; x_wconf 87' lang='lat' dir='ltr'><strong>et</strong></span> <span class='ocrx_word' id='word_1_335' title='bbox 617 2032 722 2068; x_wconf 86' lang='lat' dir='ltr'><strong>totius</strong></span> <span class='ocrx_word' id='word_1_336' title='bbox 741 2031 898 2077; x_wconf 83' lang='lat' dir='ltr'><strong>corporis</strong></span> <span class='ocrx_word' id='word_1_337' title='bbox 925 2030 1072 2077; x_wconf 81' lang='lat' dir='ltr'><strong>figuram</strong></span> <span class='ocrx_word' id='word_1_338' title='bbox 1095 2030 1322 2077; x_wconf 87' lang='lat' dir='ltr'><strong>descripserit,</strong></span> <span class='ocrx_word' id='word_1_339' title='bbox 1355 2031 1473 2078; x_wconf 83' lang='lat' dir='ltr'><strong>itaque</strong></span> <span class='ocrx_word' id='word_1_340' title='bbox 1499 2031 1665 2068; x_wconf 87' lang='lat' dir='ltr'><strong>Pseudoli</strong></span> <span class='ocrx_word' id='word_1_341' title='bbox 1690 2033 1796 2079; x_wconf 90' lang='lat' dir='ltr'><strong>pedes</strong></span> 
     </span>
     <span class='ocr_line' id='line_1_33' title="bbox 134 2090 1794 2137; baseline 0 -10"><span class='ocrx_word' id='word_1_342' title='bbox 134 2103 280 2137; x_wconf 88' lang='lat' dir='ltr'><strong>magnos</strong></span> <span class='ocrx_word' id='word_1_343' title='bbox 306 2092 436 2127; x_wconf 87' lang='lat' dir='ltr'><strong>habeat</strong></span> <span class='ocrx_word' id='word_1_344' title='bbox 449 2091 511 2135; x_wconf 60' lang='grc' dir='ltr'><strong>*Ἣ</strong></span> <span class='ocrx_word' id='word_1_345' title='bbox 541 2091 640 2127; x_wconf 86' lang='lat' dir='ltr'><strong>Servi</strong></span> <span class='ocrx_word' id='word_1_346' title='bbox 666 2091 818 2137; x_wconf 83' lang='lat' dir='ltr'><strong>cogitata</strong></span> <span class='ocrx_word' id='word_1_347' title='bbox 843 2090 1014 2135; x_wconf 87' lang='lat' dir='ltr'><strong>huiusque-</strong></span> <span class='ocrx_word' id='word_1_348' title='bbox 1051 2090 1235 2136; x_wconf 90' lang='lat' dir='ltr'><strong>descriptio</strong></span> <span class='ocrx_word' id='word_1_349' title='bbox 1257 2091 1382 2136; x_wconf 82' lang='lat' dir='ltr'><strong>—per</strong></span> <span class='ocrx_word' id='word_1_350' title='bbox 1407 2091 1528 2126; x_wconf 89' lang='lat' dir='ltr'><strong>Iovem</strong></span> <span class='ocrx_word' id='word_1_351' title='bbox 1553 2111 1601 2118; x_wconf 85' lang='lat'><strong>·—</strong></span> <span class='ocrx_word' id='word_1_352' title='bbox 1628 2092 1794 2128; x_wconf 86' lang='lat' dir='ltr'><strong>Plautum</strong></span> 
     </span>
     <span class='ocr_line' id='line_1_34' title="bbox 134 2149 1793 2197; baseline 0.001 -11"><span class='ocrx_word' id='word_1_353' title='bbox 134 2150 306 2187; x_wconf 87' lang='lat' dir='ltr'><strong>reddunt!</strong></span> <span class='ocrx_word' id='word_1_354' title='bbox 336 2150 501 2187; x_wconf 88' lang='lat' dir='ltr'><strong>Ceterum</strong></span> <span class='ocrx_word' id='word_1_355' title='bbox 527 2163 605 2186; x_wconf 87' lang='lat' dir='ltr'><strong>eam</strong></span> <span class='ocrx_word' id='word_1_356' title='bbox 632 2150 925 2197; x_wconf 76' lang='lat' dir='ltr'><strong>comparationem</strong></span> <span class='ocrx_word' id='word_1_357' title='bbox 951 2150 979 2185; x_wconf 91' lang='lat' dir='ltr'><strong>si</strong></span> <span class='ocrx_word' id='word_1_358' title='bbox 1007 2149 1192 2195; x_wconf 83' lang='lat' dir='ltr'><strong>exceperis,</strong></span> <span class='ocrx_word' id='word_1_359' title='bbox 1220 2150 1415 2187; x_wconf 89' lang='lat' dir='ltr'><strong>Pseudolus</strong></span> <span class='ocrx_word' id='word_1_360' title='bbox 1447 2151 1490 2187; x_wconf 89' lang='lat' dir='ltr'><strong>de</strong></span> <span class='ocrx_word' id='word_1_361' title='bbox 1517 2164 1611 2188; x_wconf 88' lang='lat' dir='ltr'><strong>more</strong></span> <span class='ocrx_word' id='word_1_362' title='bbox 1638 2164 1700 2188; x_wconf 86' lang='lat' dir='ltr'><strong>suo</strong></span> <span class='ocrx_word' id='word_1_363' title='bbox 1726 2164 1793 2188; x_wconf 90' lang='lat' dir='ltr'><strong>non</strong></span> 
     </span>
     <span class='ocr_line' id='line_1_35' title="bbox 134 2209 1795 2257; baseline 0 -11"><span class='ocrx_word' id='word_1_364' title='bbox 134 2210 290 2246; x_wconf 87' lang='lat' dir='ltr'><strong>decessit.</strong></span> <span class='ocrx_word' id='word_1_365' title='bbox 317 2211 367 2246; x_wconf 83' lang='lat' dir='ltr'><strong>Et</strong></span> <span class='ocrx_word' id='word_1_366' title='bbox 391 2210 449 2246; x_wconf 90' lang='lat' dir='ltr'><strong>hic</strong></span> <span class='ocrx_word' id='word_1_367' title='bbox 474 2222 660 2255; x_wconf 88' lang='lat' dir='ltr'><strong>emungere</strong></span> <span class='ocrx_word' id='word_1_368' title='bbox 686 2210 849 2245; x_wconf 80' lang='lat' dir='ltr'><strong>studebat</strong></span> <span class='ocrx_word' id='word_1_369' title='bbox 877 2209 1056 2245; x_wconf 86' lang='lat' dir='ltr'><strong>Simonem</strong></span> <span class='ocrx_word' id='word_1_370' title='bbox 1082 2222 1211 2253; x_wconf 89' lang='lat' dir='ltr'><strong>senem,</strong></span> <span class='ocrx_word' id='word_1_371' title='bbox 1229 2210 1296 2245; x_wconf 87' lang='lat' dir='ltr'><strong>hoc</strong></span> <span class='ocrx_word' id='word_1_372' title='bbox 1317 2215 1415 2246; x_wconf 87' lang='lat' dir='ltr'><strong>vetus</strong></span> <span class='ocrx_word' id='word_1_373' title='bbox 1442 2212 1649 2257; x_wconf 87' lang='lat' dir='ltr'><strong>sepulcrum,</strong></span> <span class='ocrx_word' id='word_1_374' title='bbox 1675 2212 1795 2257; x_wconf 87' lang='lat' dir='ltr'><strong>viginti</strong></span> 
     </span>
     <span class='ocr_line' id='line_1_36' title="bbox 135 2267 1796 2316; baseline 0.001 -12"><span class='ocrx_word' id='word_1_375' title='bbox 135 2269 246 2314; x_wconf 88' lang='lat' dir='ltr'><strong>minis,</strong></span> <span class='ocrx_word' id='word_1_376' title='bbox 272 2281 360 2316; x_wconf 86' lang='lat' dir='ltr'><strong>quas</strong></span> <span class='ocrx_word' id='word_1_377' title='bbox 386 2269 457 2305; x_wconf 91' lang='lat' dir='ltr'><strong>filio</strong></span> <span class='ocrx_word' id='word_1_378' title='bbox 483 2281 546 2305; x_wconf 90' lang='lat' dir='ltr'><strong>suo</strong></span> <span class='ocrx_word' id='word_1_379' title='bbox 571 2269 655 2305; x_wconf 90' lang='lat' dir='ltr'><strong>hero</strong></span> <span class='ocrx_word' id='word_1_380' title='bbox 681 2268 824 2305; x_wconf 84' lang='lat' dir='ltr'><strong>daturus</strong></span> <span class='ocrx_word' id='word_1_381' title='bbox 851 2268 941 2304; x_wconf 80' lang='lat' dir='ltr'><strong>&#39;esset</strong></span> <span class='ocrx_word' id='word_1_382' title='bbox 957 2268 1009 2312; x_wconf 76' lang='lat'><strong>⁴³).</strong></span> <span class='ocrx_word' id='word_1_383' title='bbox 1035 2267 1196 2304; x_wconf 84' lang='lat' dir='ltr'><strong>Profecto</strong></span> <span class='ocrx_word' id='word_1_384' title='bbox 1226 2269 1271 2304; x_wconf 83' lang='lat' dir='ltr'><strong>ad</strong></span> <span class='ocrx_word' id='word_1_385' title='bbox 1297 2269 1438 2306; x_wconf 89' lang='lat' dir='ltr'><strong>laudem</strong></span> <span class='ocrx_word' id='word_1_386' title='bbox 1454 2270 1589 2316; x_wconf 88' lang='lat' dir='ltr'><strong>insigne</strong></span> <span class='ocrx_word' id='word_1_387' title='bbox 1605 2270 1796 2315; x_wconf 88' lang='lat' dir='ltr'><strong>consilium,</strong></span> 
     </span>
     <span class='ocr_line' id='line_1_37' title="bbox 135 2329 1795 2376; baseline 0 -11"><span class='ocrx_word' id='word_1_388' title='bbox 135 2329 229 2375; x_wconf 90' lang='lat' dir='ltr'><strong>qnod</strong></span> <span class='ocrx_word' id='word_1_389' title='bbox 254 2330 361 2365; x_wconf 87' lang='lat' dir='ltr'><strong>etiam</strong></span> <span class='ocrx_word' id='word_1_390' title='bbox 386 2330 609 2365; x_wconf 80' lang='lat' dir='ltr'><strong>laudabiliter</strong></span> <span class='ocrx_word' id='word_1_391' title='bbox 635 2329 830 2365; x_wconf 86' lang='lat' dir='ltr'><strong>absolutum</strong></span> <span class='ocrx_word' id='word_1_392' title='bbox 869 2332 904 2364; x_wconf 90' lang='lat' dir='ltr'><strong>et</strong></span> <span class='ocrx_word' id='word_1_393' title='bbox 941 2329 1131 2374; x_wconf 88' lang='lat' dir='ltr'><strong>perfectum</strong></span> <span class='ocrx_word' id='word_1_394' title='bbox 1171 2329 1244 2364; x_wconf 85' lang='lat' dir='ltr'><strong>est!</strong></span> <span class='ocrx_word' id='word_1_395' title='bbox 1287 2329 1404 2365; x_wconf 88' lang='lat' dir='ltr'><strong>Senex</strong></span> <span class='ocrx_word' id='word_1_396' title='bbox 1440 2330 1600 2365; x_wconf 88' lang='lat' dir='ltr'><strong>videlicet</strong></span> <span class='ocrx_word' id='word_1_397' title='bbox 1637 2330 1795 2376; x_wconf 84' lang='lat' dir='ltr'><strong>frangere</strong></span> 
     </span>
     <span class='ocr_line' id='line_1_38' title="bbox 135 2388 1797 2435; baseline 0 -12"><span class='ocrx_word' id='word_1_398' title='bbox 135 2389 218 2424; x_wconf 89' lang='lat' dir='ltr'><strong>velit</strong></span> <span class='ocrx_word' id='word_1_399' title='bbox 243 2389 346 2424; x_wconf 86' lang='lat' dir='ltr'><strong>huius</strong></span> <span class='ocrx_word' id='word_1_400' title='bbox 372 2390 531 2433; x_wconf 86' lang='lat' dir='ltr'><strong>cervices,</strong></span> <span class='ocrx_word' id='word_1_401' title='bbox 558 2390 681 2435; x_wconf 88' lang='lat' dir='ltr'><strong>capitis</strong></span> <span class='ocrx_word' id='word_1_402' title='bbox 707 2389 884 2432; x_wconf 85' lang='lat' dir='ltr'><strong>scelerum,</strong></span> <span class='ocrx_word' id='word_1_403' title='bbox 910 2388 967 2433; x_wconf 90' lang='lat' dir='ltr'><strong>qui</strong></span> <span class='ocrx_word' id='word_1_404' title='bbox 996 2388 1090 2423; x_wconf 86' lang='lat' dir='ltr'><strong>omni</strong></span> <span class='ocrx_word' id='word_1_405' title='bbox 1107 2388 1230 2423; x_wconf 85' lang='lat' dir='ltr'><strong>fraude</strong></span> <span class='ocrx_word' id='word_1_406' title='bbox 1252 2392 1288 2423; x_wconf 87' lang='lat' dir='ltr'><strong>et</strong></span> <span class='ocrx_word' id='word_1_407' title='bbox 1304 2389 1450 2434; x_wconf 86' lang='lat' dir='ltr'><strong>perfidia</strong></span> <span class='ocrx_word' id='word_1_408' title='bbox 1475 2401 1555 2424; x_wconf 89' lang='lat' dir='ltr'><strong>eum</strong></span> <span class='ocrx_word' id='word_1_409' title='bbox 1581 2389 1710 2433; x_wconf 77' lang='lat' dir='ltr'><strong>fefellit,</strong></span> <span class='ocrx_word' id='word_1_410' title='bbox 1736 2389 1797 2424; x_wconf 90' lang='lat' dir='ltr'><strong>sed</strong></span> 
     </span>
    </p>
   </div>
   <div class='ocr_carea' id='block_1_5' title="bbox 255 2498 733 2573">
    <p class='ocr_par' dir='ltr' id='par_1_7' title="bbox 255 2498 733 2573">
     <span class='ocr_line' id='line_1_39' title="bbox 255 2498 733 2573; baseline -0.002 -46"><span class='ocrx_word' id='word_1_411' title='bbox 255 2499 349 2573; x_wconf 57' lang='lat'><strong>⁸⁴3</strong></span> <span class='ocrx_word' id='word_1_412' title='bbox 314 2498 397 2527; x_wconf 79' lang='lat' dir='ltr'><strong>Miles</strong></span> <span class='ocrx_word' id='word_1_413' title='bbox 418 2499 557 2534; x_wconf 67' lang='lat' dir='ltr'><strong>gloriosus</strong></span> <span class='ocrx_word' id='word_1_414' title='bbox 573 2499 658 2567; x_wconf 42' lang='lat'>15334</span> <span class='ocrx_word' id='word_1_415' title='bbox 667 2498 733 2527; x_wconf 79' lang='lat'>947.</span> 
     </span>
    </p>
   </div>
   <div class='ocr_carea' id='block_1_6' title="bbox 374 2461 493 2464">
    <p class='ocr_par' dir='ltr' id='par_1_8' title="bbox 374 2461 493 2464">
     <span class='ocr_line' id='line_1_40' title="bbox 374 2461 493 2464; baseline 0 0"><span class='ocrx_word' id='word_1_416' title='bbox 374 2461 493 2464; x_wconf 95' lang='lat' dir='ltr'><strong> </strong></span> 
     </span>
    </p>
   </div>
   <div class='ocr_carea' id='block_1_7' title="bbox 255 2578 869 2811">
    <p class='ocr_par' dir='ltr' id='par_1_9' title="bbox 255 2578 869 2811">
     <span class='ocr_line' id='line_1_41' title="bbox 256 2578 742 2634; baseline 0 -32"><span class='ocrx_word' id='word_1_417' title='bbox 256 2578 293 2634; x_wconf 55' lang='lat'><strong>2⁰)</strong></span> <span class='ocrx_word' id='word_1_418' title='bbox 346 2591 357 2602; x_wconf 61' lang='lat' dir='ltr'><strong>r&gt;</strong></span> <span class='ocrx_word' id='word_1_419' title='bbox 479 2590 491 2602; x_wconf 80' lang='grc'><strong>&gt;&gt;</strong></span> <span class='ocrx_word' id='word_1_420' title='bbox 571 2578 624 2606; x_wconf 80' lang='lat' dir='ltr'><strong>m</strong></span> <span class='ocrx_word' id='word_1_421' title='bbox 648 2578 674 2606; x_wconf 90' lang='lat'>1</span> <span class='ocrx_word' id='word_1_422' title='bbox 697 2578 742 2606; x_wconf 85' lang='grc'><strong>65,</strong></span> 
     </span>
     <span class='ocr_line' id='line_1_42' title="bbox 256 2617 723 2689; baseline 0.011 -48.319"><span class='ocrx_word' id='word_1_423' title='bbox 256 2618 294 2689; x_wconf 61' lang='lat' dir='ltr'><strong>:p</strong></span> <span class='ocrx_word' id='word_1_424' title='bbox 346 2630 357 2642; x_wconf 75' lang='lat'>»</span> <span class='ocrx_word' id='word_1_425' title='bbox 479 2630 490 2642; x_wconf 79' lang='grc'><strong>&gt;&gt;</strong></span> <span class='ocrx_word' id='word_1_426' title='bbox 571 2617 609 2646; x_wconf 84' lang='lat'><strong>11.</strong></span> <span class='ocrx_word' id='word_1_427' title='bbox 631 2617 654 2645; x_wconf 88' lang='grc' dir='ltr'><strong>Ῑ.</strong></span> <span class='ocrx_word' id='word_1_428' title='bbox 678 2617 723 2645; x_wconf 84' lang='grc'><strong>10.</strong></span> 
     </span>
     <span class='ocr_line' id='line_1_43' title="bbox 284 2651 762 2693; baseline -0.002 -7"><span class='ocrx_word' id='word_1_429' title='bbox 284 2658 294 2692; x_wconf 84' lang='grc'>)</span> <span class='ocrx_word' id='word_1_430' title='bbox 346 2670 358 2682; x_wconf 82' lang='grc'>»</span> <span class='ocrx_word' id='word_1_431' title='bbox 480 2670 492 2682; x_wconf 78' lang='grc'><strong>»</strong></span> <span class='ocrx_word' id='word_1_432' title='bbox 573 2651 675 2693; x_wconf 74' lang='grc'>(1130)</span> <span class='ocrx_word' id='word_1_433' title='bbox 696 2656 762 2686; x_wconf 84' lang='lat'><strong>312.</strong></span> 
     </span>
     <span class='ocr_line' id='line_1_44' title="bbox 257 2696 869 2732; baseline -0.002 -7"><span class='ocrx_word' id='word_1_434' title='bbox 257 2698 293 2731; x_wconf 76' lang='lat'><strong>³⁹)</strong></span> <span class='ocrx_word' id='word_1_435' title='bbox 346 2709 357 2721; x_wconf 76' lang='grc'><strong>&gt;&gt;</strong></span> <span class='ocrx_word' id='word_1_436' title='bbox 479 2709 490 2721; x_wconf 74' lang='grc'>»</span> <span class='ocrx_word' id='word_1_437' title='bbox 572 2696 638 2730; x_wconf 83' lang='grc'>312,</span> <span class='ocrx_word' id='word_1_438' title='bbox 661 2697 727 2732; x_wconf 83' lang='grc'><strong>376,</strong></span> <span class='ocrx_word' id='word_1_439' title='bbox 750 2696 817 2725; x_wconf 85' lang='grc'>417.</span> <span class='ocrx_word' id='word_1_440' title='bbox 867 2715 869 2717; x_wconf 86' lang='lat'>·</span> 
     </span>
     <span class='ocr_line' id='line_1_45' title="bbox 257 2735 818 2772; baseline -0.002 -6.949"><span class='ocrx_word' id='word_1_441' title='bbox 257 2738 294 2772; x_wconf 80' lang='lat'><strong>⁴⁰)</strong></span> <span class='ocrx_word' id='word_1_442' title='bbox 347 2749 359 2761; x_wconf 85' lang='grc'><strong>»</strong></span> <span class='ocrx_word' id='word_1_443' title='bbox 573 2736 640 2772; x_wconf 81' lang='lat'><strong>376,</strong></span> <span class='ocrx_word' id='word_1_444' title='bbox 662 2736 729 2770; x_wconf 82' lang='lat'><strong>417,</strong></span> <span class='ocrx_word' id='word_1_445' title='bbox 752 2735 818 2764; x_wconf 82' lang='lat'>540.</span> 
     </span>
     <span class='ocr_line' id='line_1_46' title="bbox 255 2759 640 2811; baseline 0 -6"><span class='ocrx_word' id='word_1_446' title='bbox 255 2777 293 2811; x_wconf 72' lang='lat'><strong>¹¹¹)</strong></span> <span class='ocrx_word' id='word_1_447' title='bbox 346 2789 357 2801; x_wconf 59' lang='grc' dir='ltr'><strong><em>ὴ</em></strong></span> <span class='ocrx_word' id='word_1_448' title='bbox 572 2759 640 2806; x_wconf 78' lang='lat'><strong>585.⁷</strong></span> 
     </span>
    </p>
   </div>
   <div class='ocr_carea' id='block_1_8' title="bbox 257 2788 582 2890">
    <p class='ocr_par' dir='ltr' id='par_1_10' title="bbox 257 2788 582 2890">
     <span class='ocr_line' id='line_1_47' title="bbox 257 2788 582 2890; baseline 0.003 -46"><span class='ocrx_word' id='word_1_449' title='bbox 257 2816 296 2890; x_wconf 57' lang='lat'><strong>⁴¹3</strong></span> <span class='ocrx_word' id='word_1_450' title='bbox 315 2788 490 2884; x_wconf 54' lang='lat' dir='ltr'><strong>{oeug⁰i¹¹s»</strong></span> <span class='ocrx_word' id='word_1_451' title='bbox 497 2816 582 2885; x_wconf 44' lang='lat'><strong>239.</strong></span> 
     </span>
     <span class='ocr_line' id='line_1_48' title="bbox 342 2864 476 2884; baseline 0 0"><span class='ocrx_word' id='word_1_452' title='bbox 342 2864 391 2884; x_wconf 88' lang='lat' dir='ltr'><strong>seu</strong></span> <span class='ocrx_word' id='word_1_453' title='bbox 413 2864 430 2884; x_wconf 92' lang='grc' dir='ltr'>ο</span> <span class='ocrx_word' id='word_1_454' title='bbox 442 2864 476 2884; x_wconf 89' lang='lat' dir='ltr'><strong>us</strong></span> 
     </span>
    </p>
   </div>
  </div>
 </body>
</html>
