1951 3040
1710 93 1766 133 33

76 195 81 203 ⁴
107 187 315 252 {ummah
338 206 503 254 Ergasilo
518 206 730 244 Gelasimus
756 211 810 243 est
830 206 957 244 Stichi.
974 207 1056 254 'Qui
1081 200 1124 244 ex
1149 219 1219 254 quo
1244 211 1348 251 natus
1374 211 1436 252 est,
1475 219 1667 253 numquam
1705 207 1771 243 fuit

110 269 217 312 sam,
242 279 314 313 qua
338 279 375 303 re
400 273 529 303 tamem
555 267 620 303 sibi
661 271 809 303 matrem
847 267 953 304 fuisse
990 268 1188 316 suspicatur
1203 268 1253 312 ¹¹).
1295 267 1366 304 Sed
1404 267 1515 303 fames
1543 268 1624 303 eum
1649 267 1770 303 decem

110 330 246 373 tantum
273 339 410 363 menses
435 328 471 363 in
498 327 577 363 alvo
591 328 765 373 gustavit,
790 340 896 374 quam
922 328 996 374 ipse
1021 328 1100 374 plus
1125 328 1244 364 decem
1273 328 1374 363 annis
1400 331 1524 374 gestat.

231 386 379 433 Semper
403 388 520 431 esurit,
545 387 673 423 idcirco
699 388 819 423 omnia
843 388 991 433 vendere
1017 388 1189 433 decrevit3
1225 389 1323 434 logos
1360 387 1524 423 ridiculos
1555 388 1683 429 vendit,
1709 400 1767 423 ca-

116 446 322 491 villationes,
359 448 646 491 assentiunculas,
681 447 768 482 nihil
793 448 953 493 prodest,
987 448 1136 493 denique
1172 451 1307 493 patrem
1345 448 1494 483 familias
1521 448 1645 494 aspicit
1670 452 1706 483 et
1719 452 1771 483 ‘ut

110 506 219 552 lappa
243 506 336 541 circa
360 506 500 542 arbores
526 507 575 541 sic
599 506 773 552 parasitus
811 507 903 541 circa
940 507 1118 542 dominum
1157 519 1194 542 se
1220 507 1334 542 volvit.
1362 529 1408 532 -—
1436 506 1527 542 Cum
1548 507 1652 542 ceteri
1692 519 1766 542 mu-

111 565 268 610 nuscula,
294 578 384 613 quae
411 566 572 602 dominus
598 566 725 610 attulit,
751 566 903 602 maximo
930 567 1056 612 gaudio
1096 567 1279 613 accipiant,
1319 567 1519 603 Gelasimus
1554 579 1768 614 quamquam

111 638 181 662 non
208 626 347 672 cogitat,
374 626 569 661 auctionem
596 626 718 670 facere,
745 627 799 661 cui
826 626 999 662 hereditas
1024 627 1159 671 obtigit,
1186 639 1299 672 neque
1342 627 1440 672 logos
1465 627 1624 671 vendere,
1649 630 1768 662 tamen

110 686 314 731 indignatus
340 689 394 721 est
418 698 498 721 cum
525 685 670 730 audiret,
709 686 829 722 herum
868 699 984 722 secum
1022 686 1323 722 ridiculosissimos
1361 686 1533 732 parasitos
1572 686 1770 731 advexisse3

110 746 255 791 proinde
281 738 474 780 exclamat:
501 745 642 780 venales
668 746 737 790 logi
762 749 843 781 sunt
867 746 926 789 illi,
943 758 1029 790 quos
1055 746 1228 790 negabam
1255 746 1412 780 vendere.
1442 745 1493 780 At
1510 749 1697 790 utcumque
1715 758 1769 780 res

111 817 148 840 se
174 804 289 848 habet,
327 805 531 850 praesertim
569 817 648 839 cum
685 805 789 839 moris
827 805 1002 850 parasitici
1028 805 1081 849 sit,
1108 804 1325 840 stomachum
1353 804 1506 839 omnium
1534 800 1648 840 rerum
1675 805 1767 850 prin-

112 854 241 910 cipium
281 864 413 907 haberi,
439 865 544 899 etiam
571 864 607 898 in
634 864 748 899 studio
773 877 835 899 suo
861 877 898 899 se
923 868 1033 900 totum
1061 865 1201 899 domino
1227 864 1325 899 dedit
1341 865 1391 907 ¹²).
1435 864 1645 899 Tenerrimis
1676 865 1768 910 cogi-

112 923 302 959 tationibus
340 923 493 958 oblectat
530 923 685 958 animum
725 923 797 958 heri
835 924 1094 958 ieiunisissimus
1137 927 1254 958 autem
1281 922 1329 967 fit,
1356 923 1545 959 dummodo
1585 936 1697 958 sermo
1728 924 1770 959 de

111 983 196 1019 cibis
222 983 390 1018 inferatur
407 984 457 1026 ¹³).
483 983 701 1019 Miserrimus
727 983 832 1018 hoino
858 984 915 1028 qui
942 984 985 1018 ab
1002 984 1162 1019 omnibus
1188 984 1344 1029 precario
1370 984 1459 1029 petit
1484 995 1617 1027 cena-m,
1636 996 1658 1018 a
1673 984 1769 1019 nullo

113 1047 231 1084 autem
258 1043 415 1086 auditur3
442 1038 584 1077 tandem
610 1043 738 1077 iustum
765 1043 874 1078 virum
892 1055 928 1077 se
953 1046 1054 1089 putat
1079 1043 1259 1086 invenisse,
1281 1043 1340 1088 qui
1359 1055 1438 1078 eum
1457 1043 1504 1077 ad
1522 1055 1644 1078 cenam
1672 1047 1771 1078 vocet

113 1106 150 1138 at
175 1102 442 1148 Pamphilippus
467 1102 558 1137 foras
576 1102 733 1148 promisit
749 1102 806 1137 alii
826 1102 871 1137 ad
897 1115 1027 1137 cenam.
1055 1103 1234 1147 Parasitus
1252 1102 1357 1137 etiam
1376 1114 1469 1137 nunc
1484 1102 1593 1137 falsus
1610 1097 1769 1137 ultimam

111 1175 208 1209 spem
249 1162 375 1198 abiecit
400 1162 587 1208 aliquando
613 1162 745 1197 edendi.
772 1162 924 1198 Omnino
950 1162 1153 1208 desperatus
1179 1162 1252 1197 abit
1278 1162 1465 1208 gulamque
1504 1162 1656 1198 decrevit
1680 1163 1768 1209 poti-

113 1235 179 1258 oue
206 1234 358 1257 onerare.

232 1281 356 1328 Neque
386 1294 463 1317 vero
488 1282 632 1328 parasiti
657 1281 764 1317 taleni
791 1281 931 1317 tristem
963 1281 1091 1316 exitum
1132 1281 1326 1324 babebant3
1366 1281 1560 1317 callidiores
1586 1282 1677 1318 enim
1706 1282 1766 1318 ho·

113 1343 222 1377 mines
249 1342 363 1377 cibum
390 1346 640 1386 quaestumque
666 1354 708 1376 ex
734 1342 816 1376 iocis
843 1354 884 1376 ac
910 1341 1041 1376 salibus
1083 1345 1223 1386 captare
1263 1342 1445 1386 aspernati
1479 1342 1771 1377 assentatunculis
1819 1363 1826 1369 —

112 1406 147 1437 et
172 1401 430 1436 adulationibus
456 1401 603 1446 gratiam
631 1401 815 1436 stultorum
842 1400 1117 1446 aucupabantur.
1153 1400 1210 1435 Ita
1237 1404 1274 1435 ut
1300 1400 1458 1446 exemplo
1477 1382 1649 1446 'quodam
1688 1405 1769 1436 utar

114 1462 288 1507 parasitus
315 1461 525 1505 Artotrogus
551 1461 632 1495 fecit
657 1461 692 1494 in
719 1460 848 1504 fabula,
875 1472 964 1505 quae
990 1460 1097 1495 Miles
1122 1460 1330 1495 inscribitur.
1358 1460 1641 1495 Per-necessarius
1666 1461 1770 1495 homo

113 1524 175 1564 est,
202 1533 270 1566 quo
296 1519 578 1566 Pyrgopolinices
605 1531 720 1554 carere
740 1531 806 1553 non
827 1522 949 1564 potest.
978 1518 1066 1564 Quis
1083 1519 1175 1553 enim
1203 1518 1345 1553 militem
1365 1518 1477 1563 magis
1494 1518 1631 1563 dignari
1657 1522 1771 1564 potest

113 1580 216 1615 rebus
256 1580 371 1625 gestis,
407 1591 511 1624 quam
550 1578 771 1623 Artotrogus,
810 1590 912 1623 quem
953 1579 980 1613 si
1020 1578 1151 1621 audies,
1191 1578 1335 1613 militem
1375 1578 1514 1613 unicum
1542 1582 1577 1613 et
1601 1579 1772 1624 optimum

113 1641 355 1686 imperatorem
382 1651 456 1687 esse
482 1638 621 1684 putabis
641 1638 691 1682 ¹⁴),
717 1650 865 1683 eumque
884 1650 953 1672 uno
970 1638 1093 1683 spiritu
1107 1637 1261 1683 legiones
1276 1637 1410 1683 nepotis
1420 1636 1578 1683 Neptuni
1591 1637 1772 1673 diflaw’sse.

115 1699 347 1736 Stultissimus
373 1698 472 1733 miles
498 1701 612 1733 autem
640 1699 759 1733 inania
784 1698 897 1740 verba,
936 1710 1027 1743 quae
1053 1710 1115 1743 pro
1154 1698 1242 1732 veris
1268 1697 1407 1738 habeat,
1434 1696 1615 1742 Artotrogi
1642 1698 1773 1744 arripit,

115 1760 334 1805 maximoque
361 1770 477 1794 amore
495 1770 573 1793 eum
600 1758 828 1804 amplectitur,
855 1758 914 1803 qui
940 1762 1012 1812 tan-1
1030 1757 1177 1803 gloriose
1194 1757 1331 1792 mentiri
1349 1760 1472 1802 potest,
1498 1760 1534 1791 et
1558 1757 1594 1791 in
1612 1757 1773 1803 periculis

115 1820 370 1855 timidissimum
385 1818 483 1863 quasi
502 1821 614 1853 metus
632 1818 731 1861 absit,
745 1817 1000 1852 inflatissimum
1016 1818 1177 1852 maximis
1190 1816 1352 1852 laudibus
1366 1816 1473 1851 effert.
1484 1816 1633 1852 Scilicet
1648 1817 1773 1852 stultus

115 1879 214 1914 miles
253 1890 394 1913 causam
433 1877 655 1923 parasiticam
694 1877 810 1912 nescit.
850 1875 904 1911 At-
928 1877 1002 1922 ipse
1028 1868 1240 1925 Artotrogus
1279 1876 1428 1910 fatetur:
1469 1875 1611 1920 Venter,
1650 1876 1770 1921 inquit.

116 1942 211 1974 creat
233 1950 353 1972 omnes
379 1936 443 1972 has
470 1948 664 1980 aerumnas,
690 1936 830 1971 auribus
855 1936 1094 1982 peraudienda
1119 1939 1209 1979 sunt,
1236 1947 1279 1970 ne
1305 1935 1427 1970 (lentes
1453 1935 1647 1971 dentiant«.

235 1997 285 2031 Et
310 2008 394 2032 sane
420 1996 507 2030 nu¹li
533 1996 686 2041 parasito
712 2007 875 2040 umquam
904 1995 1027 2030 melius
1053 1995 1127 2038 fuit,
1143 2007 1249 2039 quam
1275 1993 1488 2039 Artotr0g03
1516 2006 1559 2029 ex
1585 1995 1774 2030 mendac'is

118 2057 210 2093 enim
236 2060 272 2092 et
298 2068 340 2091 ex
365 2054 612 2102 permulcendo
639 2066 739 2090 aures
765 2054 883 2090 militis
909 2054 1024 2090 cibum
1051 2058 1303 2100 quaestumque
1329 2053 1475 2104 largiter
1500 2058 1629 2101 captat.

237 2116 347 2151 Tertii
374 2116 509 2161 generis
545 2127 732 2160 personam
772 2115 845 2159 agit
883 2114 1049 2149 Curculio
1087 2114 1270 2159 parasitus.
1310 2114 1430 2148 Homo
1469 2117 1563 2149 totus
1589 2127 1631 2149 ex
1656 2114 1776 2150 fraude

118 2176 333 2222 fallaciisque
359 2175 470 2211 factus
497 2175 609 2210 socius
650 2178 701 2210 est
740 2173 958 2209 consiliorum
997 2173 1269 2209 adulescentium
1311 2177 1346 2208 et
1373 2174 1512 2210 adiutor
1537 2174 1571 2209 iu
1599 2174 1776 2210 nectendis

121 2237 209 2272 dolis
236 2240 277 2271 et
296 2235 485 2271 fraudibus.
512 2235 613 2270 Idem
640 2235 736 2269 inani
762 2234 923 2280 superbia
948 2236 1068 2277 tumet,
1099 2234 1128 2269 si
1153 2233 1337 2268 machinae
1376 2247 1539 2280 prospere
1579 2235 1776 2270 succedunt.

120 2296 179 2331 Ita
204 2295 305 2330 militi
344 2294 482 2330 cuidam
522 2293 665 2329 anulum
705 2294 847 2337 furatur,
886 2304 987 2338 quem
1026 2304 1089 2338 pro
1127 2293 1277 2338 pecunia
1316 2294 1580 2339 oppigneratum
1608 2294 1690 2328 hero
1716 2306 1778 2329 suo

120 2354 272 2391 tradidit.
299 2355 417 2389 Herus
444 2354 536 2388 enim
562 2354 593 2388 ei
619 2354 709 2388 alter
733 2354 892 2399 Iuppiter
917 2356 978 2396 est,
1004 2352 1133 2397 quippe
1172 2353 1232 2397 qui
1259 2364 1339 2387 eum
1378 2354 1510 2388 nutriat
1535 2357 1570 2387 et
1595 2353 1676 2388 alat.
1716 2354 1776 2389 Sin

122 2418 239 2450 autem
265 2414 311 2449 ad
337 2425 459 2449 cenam
499 2412 687 2458 aliquando
727 2425 796 2448 non
834 2412 1007 2455 invitatur,
1047 2411 1207 2446 dominus
1247 2415 1379 2456 caveat,
1406 2424 1449 2447 ne
1475 2424 1608 2447 murem
1634 2413 1667 2447 in
1695 2425 1780 2459 pera

123 2488 201 2510 cum
227 2474 366 2520 proprio
393 2473 521 2508 damno
548 2472 718 2508 habuerit.
758 2472 880 2508 Talem
921 2474 1127 2506 venenatam
1167 2472 1322 2518 viperam
1349 2473 1383 2507 in
1411 2472 1490 2507 sinu
1517 2476 1621 2518 atque
1647 2472 1779 2508 deliciis

123 2534 247 2569 habuit
272 2532 534 2568 Menaechmus.
560 2532 632 2567 Hic
658 2532 749 2567 enim
776 2532 942 2578 quamdiu
968 2543 1047 2566 esca
1067 2543 1109 2566 ac
1124 2532 1266 2577 potione
1284 2532 1328 2567 ab
1354 2532 1438 2567 hero
1464 2532 1621 2576 vincitur,
1646 2533 1781 2568 tamdiu

125 2607 193 2630 non
221 2586 422 2639 aufugitff).
448 2593 501 2628 Ut
525 2604 605 2627 vero
632 2593 667 2627 in
695 2605 735 2628 eo
762 2596 824 2636 est,
850 2596 890 2629 ut
915 2592 1016 2627 unius
1042 2603 1150 2626 cenae
1176 2604 1238 2638 spe
1265 2592 1414 2636 orbetur,
1453 2604 1589 2626 omnem
1629 2592 1779 2628 furorem

124 2654 157 2689 in
186 2654 363 2689 dominum
390 2651 537 2687 effundit
562 2655 597 2687 et
622 2664 700 2687 cum
727 2664 833 2687 uxore
858 2652 950 2688 illius
976 2651 1164 2697 perniciem
1189 2652 1224 2686 in
1253 2664 1332 2687 eum
1359 2651 1588 2687 machinatur.

247 2765 289 2798 ¹¹),
315 2764 358 2799 ¹²),
383 2764 418 2798 ¹⁸)
439 2762 555 2791 Stichus
578 2763 649 2793 153:
671 2763 744 2792 455:
767 2762 834 2791 468.

248 2805 282 2837 ¹⁴)
303 2803 394 2831 Miles.
416 2802 486 2839 glor.
509 2802 536 2831 9.

247 2845 282 2879 ¹⁶)
303 2842 481 2871 Menaechmi
501 2842 524 2877 1,
550 2842 574 2870 1.
