1951 3040
143 34 168 74 6

140 150 440 200 dissimilitudines
467 162 603 185 morum
629 150 720 185 inter
757 150 881 185 herum
907 153 943 184 et
968 162 1106 187 servum
1144 151 1320 196 graviones
1358 154 1482 187 essent.
1512 173 1556 178 —
1583 150 1682 188 Dum
1705 152 1811 192 herus

140 209 325 245 fortissime
351 212 497 256 pugnat,
522 208 582 245 ille
608 212 671 245 aut
695 209 732 245 in
758 208 891 245 vinario
918 221 955 245 se
982 207 1081 245 abdit
1106 209 1167 247 ubi
1192 209 1301 246 cadus
1332 210 1403 246 vini
1428 214 1514 256 erat,
1539 211 1622 248 inde
1652 211 1812 260 implevit

140 269 298 303 hirneam
317 269 340 312 ¹)
384 273 447 304 aut
471 269 698 314 praecipitem
725 281 800 304 sese
827 269 974 303 mandat
1003 268 1108 313 fugae
1123 269 1159 313 ²).
1201 264 1327 313 Neque
1365 269 1471 304 modo
1507 270 1666 315 ignavus,
1703 272 1811 309 etiam

140 327 283 363 timidus
310 331 372 363 est.
399 327 451 363 Ut
476 327 570 363 enim
597 326 793 363 Mercurius
819 327 1019 364 verberibus
1045 339 1125 363 eum
1151 327 1317 375 irrigavit,
1355 327 1475 365 omnia
1500 329 1652 375 agnovit,
1688 333 1727 368 at
1750 331 1810 379 qui

140 388 247 423 etiam
274 401 310 423 se
338 401 407 423 non
434 400 510 423 esse
537 387 686 431 Sosiam,
713 387 1012 433 Amphitruonem
1038 400 1107 424 non
1135 400 1211 424 esse
1228 388 1409 424 dominum
1434 401 1546 424 suum.
1574 388 1666 424 Cum
1692 394 1810 426 autem

141 447 244 482 desiit
270 447 355 482 deus
381 447 463 483 loris
489 447 701 483 transeidere
729 459 841 493 neque
870 459 951 483 eum
977 447 1129 494 amplius
1155 460 1230 484 esse
1256 447 1501 495 vapulatorum
1539 447 1715 495 pollicitus
1747 453 1810 495 est,

140 506 265 549 subito,
291 519 382 552 quae
409 508 482 552 ipse
509 511 614 542 antea
640 507 765 542 sanxit
784 507 860 541 loco
887 507 1039 549 tandein,
1066 507 1124 541 ubi
1152 508 1365 551 consisteret,
1396 510 1543 552 reperto,
1569 507 1688 542 omnia
1712 509 1810 544 irrita

141 565 224 600 facit
242 566 276 608 ³).
321 565 397 600 Iam
427 578 505 600 cuni
532 566 605 600 eius
632 566 773 611 ignavia
799 578 841 600 ac
867 565 1091 611 protervitate
1118 565 1339 602 mendacium
1366 569 1402 602 et
1427 565 1612 602 ostentatio
1638 567 1810 604 artissime

142 625 339 661 cohaerent.
368 625 559 661 Servorum
585 626 677 660 enim
704 629 758 661 est
783 626 920 661 mentiri
938 626 963 669 4)
1007 637 1118 670 neque
1145 625 1203 660 ille
1229 625 1375 670 paulum
1406 626 1552 670 dubitat,
1578 627 1661 671 quin
1689 639 1808 662 eorum

144 698 257 720 mores
284 685 329 719 ab
348 686 419 720 suis
445 685 665 720 abhorreant.
692 684 850 720 Nimium
870 685 1011 730 depicta
1036 684 1117 719 belli
1144 684 1329 730 desciiptio
1358 685 1553 732 arrogantis
1578 685 1719 732 quidem
1745 690 1808 732 est,

142 745 201 780 sed
229 745 334 780 etiam
363 745 493 790 ingenii
520 745 650 789 fervidi,
678 746 880 791 praesertim
912 757 989 780 cum
1017 745 1091 790 ipse
1130 748 1252 780 auctor
1290 745 1500 781 narrationis
1540 758 1608 781 non
1634 746 1745 789 fuerit,
1772 746 1807 781 in

142 817 262 850 pugna
287 808 494 850 tantumque
521 805 556 840 id
589 817 698 840 unum
726 805 893 840 memoria
919 808 1048 848 teneat,
1071 817 1107 840 se
1143 816 1251 839 unum
1278 803 1370 839 diem
1396 803 1574 841 laborasse
1599 805 1690 840 fame
1706 805 1740 850 ⁵).
1762 827 1807 831 —-

143 864 253 900 Cuius
280 865 374 900 modi
407 869 589 910 praeterea
615 864 727 909 fuerit,
755 865 961 908 Mercurius,
988 865 1047 909 qui
1074 876 1153 899 eum
1179 864 1318 910 penitus
1345 864 1441 899 novit
1465 863 1648 909 profitetur
1662 866 1697 910 ⁴³).
1726 865 1807 901 Stu-

141 924 243 969 pidus
270 928 346 959 erat
371 937 489 960 servus
516 928 551 960 et
577 924 731 968 obtusus,
758 937 865 970 quare
893 936 994 958 omne
1022 924 1192 959 cautionis
1219 936 1329 968 genus
1355 924 1390 958 in
1417 924 1609 959 tractandis
1634 925 1808 960 nonnullis

142 983 236 1027 locis,
263 984 297 1018 in
325 984 451 1029 quibus
477 985 669 1029 maximum
696 985 825 1030 ingenii
853 996 997 1019 acumen
1026 983 1252 1029 suspicamur,
1270 995 1307 1018 re
1325 995 1407 1017 vera
1425 986 1543 1018 autem
1570 984 1808 1030 stupiditatem

142 1043 245 1078 inodo
272 1047 306 1078 et
332 1044 461 1089 ingenii
488 1044 764 1079 imbecillitatem
791 1044 984 1079 invenimus
1012 1043 1248 1078 adhibendum
1275 1046 1328 1078 est
1357 1044 1368 1064 ⁷
1385 1042 1420 1087 ⁸).

261 1103 304 1137 In
332 1103 444 1138 altera
468 1103 598 1147 fabula,
624 1116 714 1149 quae
753 1102 921 1138 Asinaria
942 1102 1148 1146 inscribitur,
1185 1102 1243 1137 ubi
1269 1102 1349 1137 lena
1375 1102 1437 1137 illa
1463 1102 1649 1140 Oleaereta
1674 1106 1709 1138 et
1735 1103 1807 1138 De-

146 1166 325 1197 moenetus
353 1175 459 1197 senex
486 1163 691 1209 decrepitus,
713 1175 859 1208 quorum
886 1175 1053 1208 personas
1072 1174 1115 1197 ne
1135 1161 1341 1207 Hogarthus
1368 1162 1520 1207 quidem,
1538 1161 1596 1197 ille
1617 1161 1810 1215 levissimus

142 1222 262 1268 pictor,
289 1235 394 1258 ausus
421 1226 513 1258 esset
552 1223 749 1269 depingere,
789 1223 918 1268 primas
960 1225 1077 1267 partes
1117 1225 1235 1267 agunt,
1275 1221 1431 1256 Libanus
1457 1225 1492 1256 et
1518 1221 1685 1266 Leonida,
1723 1222 1811 1257 servi

141 1282 414 1327 ingeniofflsshne
450 1296 609 1329 innluann
636 1284 755 1318 deesse
783 1296 851 1317 non
878 1286 1075 1328 potuerunt.
1689 1283 1691 1285 ’

262 1341 365 1376 Alter
390 1346 444 1377 est
469 1355 608 1388 prorsus
636 1346 816 1377 veterator.
844 1342 913 1376 Per
939 1341 1026 1376 duas
1053 1341 1287 1376 odiosissimas
1309 1353 1363 1375 res
1389 1340 1584 1376 obtestatur
1609 1339 1808 1375 Demaena—

143 1404 228 1445 tuna
255 1414 317 1447 per
342 1406 566 1445 senectunnn,
594 1415 615 1437 a
641 1415 711 1447 qua
738 1402 879 1436 ‹nnnino
906 1400 1078 1444 abhorret
1106 1404 1140 1435 et
1166 1412 1229 1446 per
1254 1399 1383 1435 inalaui
1411 1412 1562 1443 uxoren„
1599 1411 1704 1444 quani
1729 1411 1808 1445 pro-

144 1461 235 1495 ximo
261 1461 385 1506 cuique
412 1461 638 1496 libentissime
665 1473 770 1495 senex
814 1461 993 1506 permittat
1009 1461 1043 1503 ⁰),
1075 1471 1183 1504 quare
1222 1460 1328 1494 etiam
1367 1459 1493 1504 dignus
1531 1470 1637 1494 senex
1675 1470 1811 1493 servum

144 1519 335 1565 digniorem
363 1520 565 1566 dignissimo
591 1521 789 1556 testimonio
816 1520 1037 1566 prosequitur
1054 1520 1103 1562 ¹⁰).
1145 1518 1302 1565 Cupidus
1329 1522 1382 1554 est
1407 1518 1531 1563 laudis,
1569 1518 1811 1563 quodcumque

144 1579 198 1613 vel
224 1580 415 1614 maximum
459 1580 581 1624 scelus,
620 1593 656 1615 se
697 1580 960 1615 commissurum
1000 1591 1076 1614 esse
1108 1578 1292 1624 pollicitus,
1324 1590 1462 1624 semper
1504 1578 1663 1624 promissi
1706 1576 1811 1612 fidem

146 1642 311 1685 praestat.
339 1662 385 1665 —
413 1639 517 1675 Alter
556 1653 750 1684 conservus,
789 1639 958 1684 Leonida,
997 1639 1090 1674 idem
1129 1638 1233 1674 homo
1272 1638 1431 1683 lascivus,
1471 1638 1527 1674 cui
1553 1650 1633 1673 vero
1672 1637 1811 1673 fortuna

145 1710 269 1743 parum
295 1698 396 1734 favet.

266 1758 344 1793 Iam
373 1758 547 1795 Strobilus
573 1759 789 1803 Aululariae,
816 1763 854 1794 ut
881 1759 1045 1795 Kleinius
1087 1759 1180 1804 dicit,
1221 1771 1339 1795 servus
1378 1762 1431 1794 est
1456 1759 1490 1794 in
1518 1771 1619 1794 usum
1646 1757 1812 1804 delphini,

145 1817 258 1853 fidelis
298 1818 398 1853 herili
438 1818 509 1853 filio
536 1823 571 1854 et
602 1819 744 1854 mirifice
784 1820 847 1854 sibi
888 1820 1003 1865 placet
1020 1821 1081 1863 ¹¹);
1121 1832 1239 1855 senem
1279 1831 1423 1854 avarum
1462 1822 1644 1864 tamquam
1686 1817 1811 1853 umbra

145 1877 309 1923 sequitur,
336 1891 440 1924 quem
467 1879 631 1914 thesauro
658 1879 831 1925 percutiat
857 1879 1068 1925 tandemque
1096 1891 1196 1914 eruce
1223 1879 1456 1925 dignissimus,
1483 1878 1558 1922 diis,
1585 1877 1686 1922 Lare,
1713 1877 1811 1921 Fide,

147 1936 291 1972 Silvano
318 1934 577 1982 auxiliantibus,
625 1939 724 1974 illum
751 1939 935 1985 intercipit.
964 1961 1009 1964 ψ
1037 1939 1156 1974 Mores
1183 1938 1339 1984 Tyndari
1366 1938 1530 1984 (Captivi)
1570 1938 1621 1973 ita
1645 1941 1728 1973 sunt
1752 1937 1811 1972 de-

145 1997 262 2042 scripti
290 2010 312 2032 a
337 2001 452 2043 poeta,
480 2002 518 2033 ut
545 1998 763 2033 audientium
783 1998 836 2033 vel
856 1998 1046 2044 legentium
1073 1998 1207 2033 animos
1235 2010 1303 2033 non
1321 1998 1508 2049 paeniteat,
1526 1997 1676 2043 denique
1692 1996 1812 2032 audire

144 2056 242 2092 illum
269 2069 343 2092 esse
370 2057 570 2103 ingenuum.
613 2058 751 2093 Morem
794 2071 863 2094 non
902 2059 1079 2105 proprium
1120 2070 1295 2093 servorum
1335 2058 1399 2093 sibi
1438 2057 1530 2093 facit.
1559 2057 1598 2093 Si
1624 2058 1716 2093 enim
1743 2068 1812 2101 quo

145 2118 350 2152 commercio
377 2117 450 2152 heri
476 2118 534 2152 ille
561 2118 704 2161 fruatur,
731 2118 897 2161 videmus,
925 2117 1161 2152 confitendum
1190 2121 1251 2160 est,
1278 2129 1358 2152 eum
1384 2129 1459 2152 esse
1486 2117 1707 2152 coniunctum
1734 2127 1813 2150 cum

144 2175 203 2211 illo
230 2176 367 2211 vinculo
394 2177 568 2212 amicitiae
595 2178 768 2213 artissimo
787 2178 837 2221 12).
878 2178 1002 2223 Neque
1042 2177 1128 2213 fides
1169 2190 1275 2223 quam
1302 2176 1385 2212 hero
1424 2180 1589 2222 praestat,
1630 2174 1812 2211 familiaris

145 2239 207 2279 esa
234 2248 324 2280 quae
351 2236 525 2271 ranssnne
552 2237 651 2271 abest
678 2237 722 2271 ab
750 2237 995 2272 sshberahtaUa

282 2337 303 2370 ¹)
325 2336 444 2371 Iaessing
466 2336 686 2374 »Epigrannne«.

282 2377 304 2410 ²)
327 2375 503 2414 Amphitruo
527 2377 591 2405 196.

283 2417 305 2433 Si
409 2428 411 2431 -

298 2445 302 2450 ,
410 2429 421 2440 .›
524 2416 591 2445 375.

283 2457 306 2487 ⁴)
413 2472 421 2480 <>
525 2456 590 2485 195.

283 2497 305 2528 5)
409 2512 420 2520 ,»
523 2496 590 2530 250,

282 2536 306 2565 ⁶»
413 2552 421 2559 .,
523 2536 692 2565 262—265.

284 2576 307 2607 7)
415 2593 421 2599 ,
524 2576 591 2610 693,

284 2616 308 2649 ⁸)
412 2630 422 2639 .›
525 2615 592 2643 591.

282 2657 304 2687 ¹³)
326 2654 460 2683 Asinaria
485 2655 529 2683 18.
554 2655 598 2684 19.

272 2696 306 2727 ¹⁰)
328 2694 462 2723 Asinaria
487 2694 550 2722 117.

272 2735 306 2767 ιΙ)
328 2733 480 2762 Aulularia
503 2734 569 2762 579.

272 2775 307 2809 ¹¹¹)
329 2773 443 2811 Captivi
466 2773 534 2804 236.
