1951 3040
1694 113 1744 151 21

92 229 144 264 ita
168 226 359 273 descripsit,
385 215 429 263 ut
462 227 556 271 vitia,
594 239 684 273 quae
721 227 794 263 iam
836 227 968 264 scelera
994 227 1171 274 appellare
1196 228 1319 274 possis,
1362 228 1554 263 maximum
1597 226 1753 262 taedium

94 286 251 323 afferant.
277 285 461 323 Eiusmodi
486 299 592 323 senex
618 291 672 324 est
696 286 957 334 Theopropides
1003 287 1252 324 Mostellariae.
1292 287 1455 323 Plebeius
1494 286 1754 333 superstitiosus

95 346 199 381 homo
225 349 278 381 est
302 346 634 392 impatientissimus,
677 348 841 391 curiosus,
881 347 1016 383 hebetis
1057 348 1198 393 ingenii,
1246 348 1363 382 animo
1402 347 1587 390 obstinato,
1614 346 1751 381 delectu

94 405 189 442 omni
214 408 251 441 et
275 405 473 442 discrimine
499 406 635 452 omisso,
661 407 849 454 neglegens
874 407 910 443 in
937 407 1034 452 alios,
1071 407 1142 443 suis
1181 410 1317 443 tantum
1358 406 1550 443 rationibus
1576 410 1750 443 constans.

94 487 141 494 --
167 465 220 501 Ut
245 477 364 501 omnes
404 467 642 512 superstitiosi,
680 467 860 512 perfuncto
899 459 1088 513 aliquando
1126 470 1291 513 tempore,
1330 467 1396 502 diis
1430 468 1561 512 gratias
1587 466 1692 504 habet
1717 471 1753 501 et

93 520 284 573 pollicetur,
311 537 347 561 se
373 537 564 571 numquam
590 538 832 572 aggressurum
859 539 933 563 esse
958 527 1108 563 eundem
1134 526 1287 562 laborem
1306 528 1356 571 39).
1406 526 1574 562 Attamen
1601 526 1752 573 plurima

94 585 249 632 pericula
274 584 376 630 subit,
403 585 462 631 qui
488 585 524 620 in
550 586 643 621 omni
670 598 706 621 re
732 587 884 632 gerenda
908 587 1120 633 consilioque
1147 587 1316 632 capiendo
1356 586 1587 622 constantiam
1615 599 1752 622 servare

94 657 164 681 non
190 645 308 690 possit.
335 644 487 680 Mixtum
527 645 720 681 diffidentia
758 647 1019 692 suspicioneque
1058 646 1283 689 dubitatione,
1321 650 1415 681 metu
1442 658 1570 690 angore
1597 647 1751 680 animum

94 704 182 750 gerit
194 703 240 748 ⁴⁰)
266 715 412 749 quorum
438 704 592 740 omnium
618 705 777 740 vitiorum
803 717 939 751 semper
964 709 1017 741 est
1046 706 1193 741 avaritia
1218 717 1342 741 comes.

213 773 369 810 Easdem
394 777 511 820 partes
537 775 690 810 eiusdem
716 775 854 810 fabulae
882 775 979 811 Simo
1005 788 1111 811 senex
1136 775 1252 810 habet.
1281 775 1401 810 Homo
1440 779 1502 818 est,
1529 776 1587 820 qui
1614 788 1751 810 omnem

94 834 348 869 humanitatem
374 833 509 878 abiecit,
536 835 594 879 qui
621 847 683 870 suo
709 838 845 870 tantum
872 835 1052 870 commodo
1078 834 1192 878 servit,
1219 834 1366 883 nocendi
1393 834 1582 869 acerbitate
1622 834 1749 870 confla-

95 906 200 939 grans
247 893 457 940 alteriusque
500 894 726 930 incommodis
769 895 946 940 gaudens3
989 895 1035 930 ad
1085 895 1152 931 hoc
1191 895 1394 930 tenuissimo
1437 895 1577 940 ingenio
1604 898 1666 939 cst,
1692 895 1750 941 qui

95 954 210 991 uxoris
236 953 361 989 durum
387 966 531 1000 regnum
559 955 685 999 sentit;
713 967 782 990 non
808 956 999 1001 profundae
1026 955 1129 990 modo
1155 955 1217 990 sed
1242 955 1507 1001 intempestivae
1547 967 1684 1000 quoque
1711 968 1752 990 ae

95 1013 256 1050 sordidae
282 1013 386 1059 gulae
412 1018 474 1058 est,
501 1014 588 1050 adeo
615 1018 654 1050 ut
691 1015 735 1050 ab
774 1028 879 1051 uxore
917 1016 1003 1061 ipsa,
1041 1027 1147 1061 quam
1186 1015 1319 1058 metuit,
1359 1018 1538 1060 tamquam
1566 1027 1587 1049 a
1613 1014 1753 1050 diabolo

95 1077 226 1117 caveat,
252 1073 453 1109 dummodo
466 1073 617 1119 aliquem
643 1074 807 1109 excedere
833 1075 950 1121 possit.

213 1142 325 1178 Aliud
351 1142 470 1188 iugum
488 1143 680 1189 'impiorum
708 1143 875 1179 nefarium
912 1148 965 1179 est
993 1144 1038 1178 -in
1064 1143 1193 1187 fabula,
1232 1154 1322 1189 quae
1361 1143 1506 1179 Rudens
1544 1143 1751 1179 inscribitur.

94 1201 234 1236 Labrax
260 1205 295 1237 et
321 1201 536 1246 Charmides,
563 1203 817 1239 sceleratissimi
842 1203 1009 1247 homines,
1049 1203 1210 1249 aperiunt
1249 1203 1383 1237 alterno
1423 1215 1581 1238 sermone
1607 1203 1752 1238 consilia

94 1273 159 1296 sua
184 1262 479 1307 cogitationesque
506 1274 635 1306 omnes,
663 1275 705 1297 ex
731 1263 855 1308 quibus
882 1263 1131 1308 cognoscimus,
1170 1262 1233 1298 hos
1272 1274 1371 1298 senes
1397 1262 1649 1308 proditissimos
1675 1275 1747 1297 om-

95 1320 190 1356 nium
218 1333 292 1356 esse
308 1321 361 1365 ⁴¹).

421 1433 445 1483 ξ,
477 1430 533 1473 V.
566 1430 753 1475 Partes
786 1431 1093 1474 muliebres.
1126 1430 1423 1474 Matronae.

215 1527 325 1564 Aetas
353 1528 470 1564 Plauti
497 1529 532 1564 in
559 1541 601 1564 ea
627 1532 784 1574 tempora
827 1528 957 1572 incidit,
1001 1527 1126 1573 quibus
1170 1540 1282 1563 mores
1326 1541 1347 1563 a
1390 1529 1577 1564 maioribus
1621 1531 1752 1576 accepti

94 1588 295 1623 labefacta-ri
323 1589 434 1634 coepti
461 1592 550 1624 sunt.
593 1588 817 1634 Quamquam
864 1587 1019 1623 seculum
1063 1587 1144 1622 belli
1190 1576 1314 1622 Punici
1354 1588 1454 1633 primi
1494 1588 1564 1623 tale
1604 1592 1688 1632 erat,
1717 1593 1754 1623 ut

96 1647 314 1693 impudicitia
339 1651 541 1692 monstrum,
568 1660 637 1683 non
664 1647 784 1683 vitium
812 1650 911 1683 esset.
950 1650 1067 1682 tamen
1108 1647 1178 1682 iam
1218 1647 1359 1683 secundi
1401 1648 1479 1683 belli
1507 1647 1630 1684 Punici
1657 1652 1754 1684 aetas

94 1719 240 1751 magnas
266 1708 538 1752 permutationes
565 1720 697 1743 morum
727 1707 853 1742 attulit.
881 1707 1021 1743 Auctae
1050 1708 1142 1742 enim
1169 1708 1319 1749 divitiae,
1347 1721 1429 1742 usus
1468 1712 1504 1743 et
1541 1709 1754 1743 consuetudo

93 1778 171 1801 cum
198 1766 358 1812 gentibus
385 1765 548 1811 Orientis,
575 1766 759 1812 ambiguae
786 1767 1006 1813 quaestiones
1025 1766 1240 1812 religionum,
1259 1766 1338 1810 alia,
1366 1767 1601 1803 vehementius
1640 1780 1753 1802 move-

93 1829 174 1860 runt
200 1838 312 1861 mores
338 1826 528 1861 Romanos.

184 1907 188 1910 ·
212 1895 311 1933 Vitia
336 1907 481 1940 morum,
507 1896 607 1941 quasi
633 1908 749 1931 coram
775 1899 887 1942 poeta,
904 1896 1213 1932 conformabantur
1238 1897 1355 1942 itaque
1383 1897 1586 1932 feminarum
1626 1901 1752 1942 partes,

94 1955 214 2000 quales
241 1955 384 1991 Tacitus
410 1955 446 1989 in
484 1955 581 2000 libro,
620 1956 679 2001 qui
719 1955 911 1991 Germania
949 1956 1156 2000 inscribitur,
1187 1956 1376 2001 descripsit,
1403 1956 1436 1990 in
1466 1956 1583 1991 Plauti
1626 1956 1753 1991 fabulis

95 2014 191 2050 haud
229 2016 392 2059 invenies,
433 2026 620 2062 quamqam
648 2016 739 2051 enim
766 2016 801 2050 in
828 2015 887 2050 illo
913 2015 1000 2051 libro
1027 2016 1070 2051 de
1102 2015 1357 2052 Germanorum
1399 2016 1534 2051 feminis
1572 2019 1752 2059 tractatur,

94 2078 212 2110 tamen
239 2076 332 2121 quod
354 2075 396 2110 de
424 2075 575 2110 moribus
601 2076 837 2122 institutisque
876 2076 1046 2110 maiorum
1086 2080 1306 2119 memoratur,
1345 2076 1449 2110 etiam
1489 2076 1535 2110 ad
1573 2075 1753 2111 Romanas

96 2135 280 2172 muliebres
306 2136 478 2182 pertinere
505 2135 626 2182 potuit.
656 2135 834 2182 Quamdiu
862 2136 955 2171 enim
973 2136 1045 2171 vita
1062 2136 1267 2171 feminarum
1294 2136 1387 2172 intus
1414 2136 1577 2183 domique
1603 2136 1752 2182 forisque

95 2199 189 2230 certa
227 2196 381 2243 quadam
420 2196 553 2231 ratione
591 2196 782 2241 composita
821 2199 905 2239 erat,
945 2195 1080 2230 tamdiu
1106 2196 1210 2230 etiam
1239 2195 1402 2230 connubii
1439 2196 1560 2241 religio
1586 2196 1753 2231 inviolata

94 2255 231 2291 mansit.
260 2255 350 2292 Cum
377 2259 493 2291 autem
520 2267 632 2290 mores
659 2255 797 2291 dissolvi
816 2255 929 2301 coepti
948 2258 1073 2299 essent,
1100 2255 1302 2290 austeritate
1329 2259 1567 2291 matronarum
1586 2269 1628 2292 ac
1653 2269 1751 2302 sepa-

95 2316 227 2351 ratione
254 2328 324 2351 non
349 2316 478 2359 laxata,
505 2316 627 2350 eadem
654 2316 742 2350 dura
768 2316 932 2351 severitas
958 2319 1030 2350 tum
1062 2327 1152 2349 unus
1179 2319 1214 2349 et
1240 2314 1333 2350 solus
1364 2315 1440 2350 fons
1466 2320 1542 2351 erat
1566 2316 1753 2362 importuni

95 2376 314 2411 matrimonii.
358 2375 461 2422 Quod
502 2376 593 2411 enim
640 2376 732 2411 intus
769 2375 930 2421 domique
975 2375 1124 2410 feminae
1168 2379 1350 2420 separatae
1394 2379 1503 2419 erant,
1530 2376 1611 2412 foris
1637 2380 1753 2411 autem

95 2434 220 2471 liberas
264 2436 419 2471 omnium
458 2448 572 2471 rerum
619 2435 814 2471 voluntates
854 2434 1041 2478 habebant,
1080 2434 1142 2468 illa
1173 2435 1374 2479 austeritas,
1403 2448 1493 2481 quae
1520 2436 1595 2471 sola
1620 2440 1695 2471 erat
1720 2440 1755 2471 et

95 2496 234 2542 propria
275 2499 523 2540 matronarum,
558 2495 773 2538 conformata
798 2498 850 2531 est
867 2495 901 2539 ¹),
936 2506 1026 2541 quae
1065 2494 1172 2530 virtus
1219 2495 1455 2541 integritatem
1497 2496 1637 2541 quidem
1664 2497 1754 2532 vitae

96 2557 251 2599 servavit,
278 2556 428 2590 detraxit
454 2559 570 2591 autem
597 2555 732 2591 feminis
758 2555 968 2589 hilaritatem
994 2555 1273 2600 comitatemque,
1291 2567 1381 2601 quae
1400 2556 1494 2591 solae
1513 2560 1604 2591 artes
1631 2556 1752 2591 mulie-

96 2614 173 2651 bres
199 2616 309 2651 virum
337 2615 554 2662 eundemque
592 2615 754 2651 maritum
793 2614 935 2650 beatum
974 2614 1133 2659 reddunt,
1175 2616 1375 2661 praesertim
1404 2628 1481 2651 cum
1509 2628 1622 2651 mores
1648 2615 1753 2651 dilabi

96 2677 280 2721 coeperint,
307 2688 385 2711 cum
411 2676 498 2721 legis
524 2679 712 2721 perpetuae
738 2678 969 2720 aeternaeque
997 2675 1057 2718 vis,
1085 2687 1175 2721 quae
1202 2676 1301 2722 quasi
1329 2675 1399 2711 dux
1425 2676 1515 2710 vitae
1532 2680 1566 2710 et
1587 2676 1754 2722 magistra

214 2787 319 2822 ι*’),.“’)
340 2786 517 2815 Mostellaria.
539 2786 635 2820 4116;
658 2785 822 2814 495—510.

214 2827 252 2862 ¹¹)
273 2825 391 2854 Rudens
412 2826 578 2854 470—550.

215 2866 237 2903 ¹)
258 2865 333 2895 Plat.
355 2866 425 2895 voni.
447 2875 539 2906 praee.
562 2865 608 2894 27.
631 2865 800 2902 (Monnuson
822 2865 881 2900 59).
