<?xml version="1.0" encoding="UTF-8"?>
<!DOCTYPE html PUBLIC "-//W3C//DTD XHTML 1.0 Transitional//EN"
    "http://www.w3.org/TR/xhtml1/DTD/xhtml1-transitional.dtd">
<html xmlns="http://www.w3.org/1999/xhtml" xml:lang="en" lang="en">
 <head>
  <title>
</title>
<meta http-equiv="Content-Type" content="text/html;charset=utf-8" />
  <meta name='ocr-system' content='tesseract 3.04.00' />
  <meta name='ocr-capabilities' content='ocr_page ocr_carea ocr_par ocr_line ocrx_word'/>
</head>
<body>
  <div class='ocr_page' id='page_1' title='image "4737944_0023.png"; bbox 0 0 1951 3040; ppageno 0'>
   <div class='ocr_carea' id='block_1_1' title="bbox 1753 102 1807 144">
    <p class='ocr_par' dir='ltr' id='par_1_1' title="bbox 1753 102 1807 144">
     <span class='ocr_line' id='line_1_1' title="bbox 1753 102 1807 144; baseline 0.019 -1"><span class='ocrx_word' id='word_1_1' title='bbox 1753 102 1807 144; x_wconf 86' lang='lat'><strong>13</strong></span> 
     </span>
    </p>
   </div>
   <div class='ocr_carea' id='block_1_2' title="bbox 140 214 1854 2703">
    <p class='ocr_par' dir='ltr' id='par_1_2' title="bbox 149 214 1812 389">
     <span class='ocr_line' id='line_1_2' title="bbox 187 214 1810 264; baseline -0.001 -11"><span class='ocrx_word' id='word_1_2' title='bbox 187 255 189 257; x_wconf 74' lang='grc'><strong>,</strong></span> <span class='ocrx_word' id='word_1_3' title='bbox 267 214 348 253; x_wconf 81' lang='lat' dir='ltr'><strong>Eu!</strong></span> <span class='ocrx_word' id='word_1_4' title='bbox 375 215 491 264; x_wconf 78' lang='lat' dir='ltr'><strong>Quam</strong></span> <span class='ocrx_word' id='word_1_5' title='bbox 519 214 819 262; x_wconf 78' lang='lat' dir='ltr'><strong>vehementissime</strong></span> <span class='ocrx_word' id='word_1_6' title='bbox 857 219 1075 254; x_wconf 83' lang='lat' dir='ltr'><strong>commovent</strong></span> <span class='ocrx_word' id='word_1_7' title='bbox 1114 215 1248 254; x_wconf 84' lang='lat' dir='ltr'><strong>animos</strong></span> <span class='ocrx_word' id='word_1_8' title='bbox 1288 214 1475 264; x_wconf 82' lang='lat' dir='ltr'><strong>legentium</strong></span> <span class='ocrx_word' id='word_1_9' title='bbox 1503 215 1537 252; x_wconf 89' lang='lat' dir='ltr'><strong>in</strong></span> <span class='ocrx_word' id='word_1_10' title='bbox 1565 214 1694 261; x_wconf 60' lang='lat' dir='ltr'><strong>fabula,</strong></span> <span class='ocrx_word' id='word_1_11' title='bbox 1720 227 1810 263; x_wconf 75' lang='lat' dir='ltr'><strong>quae</strong></span> 
     </span>
     <span class='ocr_line' id='line_1_3' title="bbox 149 274 1812 324; baseline 0 -12"><span class='ocrx_word' id='word_1_12' title='bbox 149 274 375 313; x_wconf 80' lang='lat' dir='ltr'><strong>Trinummus</strong></span> <span class='ocrx_word' id='word_1_13' title='bbox 399 274 606 322; x_wconf 68' lang='lat' dir='ltr'><strong>inscribitur,</strong></span> <span class='ocrx_word' id='word_1_14' title='bbox 633 288 745 314; x_wconf 84' lang='lat' dir='ltr'><strong>mores</strong></span> <span class='ocrx_word' id='word_1_15' title='bbox 759 275 943 314; x_wconf 77' lang='lat' dir='ltr'><strong>amborum</strong></span> <span class='ocrx_word' id='word_1_16' title='bbox 961 275 1246 314; x_wconf 73' lang='lat' dir='ltr'><strong>adulescentium.</strong></span> <span class='ocrx_word' id='word_1_17' title='bbox 1274 277 1391 324; x_wconf 82' lang='lat' dir='ltr'><strong>Quam</strong></span> <span class='ocrx_word' id='word_1_18' title='bbox 1413 276 1585 323; x_wconf 78' lang='lat' dir='ltr'><strong>ingenuus</strong></span> <span class='ocrx_word' id='word_1_19' title='bbox 1603 280 1657 313; x_wconf 85' lang='lat' dir='ltr'><strong>est</strong></span> <span class='ocrx_word' id='word_1_20' title='bbox 1674 276 1812 313; x_wconf 85' lang='lat' dir='ltr'><strong>animus</strong></span> 
     </span>
     <span class='ocr_line' id='line_1_4' title="bbox 149 334 1433 389; baseline 0.001 -18"><span class='ocrx_word' id='word_1_21' title='bbox 149 334 329 372; x_wconf 76' lang='lat' dir='ltr'><strong>Lusitilis!</strong></span> <span class='ocrx_word' id='word_1_22' title='bbox 356 335 437 383; x_wconf 82' lang='lat' dir='ltr'><strong>Quo</strong></span> <span class='ocrx_word' id='word_1_23' title='bbox 462 335 508 372; x_wconf 92' lang='lat' dir='ltr'><strong>sit</strong></span> <span class='ocrx_word' id='word_1_24' title='bbox 533 337 693 389; x_wconf 65' lang='lat' dir='ltr'><strong>amicitiae</strong></span> <span class='ocrx_word' id='word_1_25' title='bbox 718 349 833 386; x_wconf 79' lang='lat' dir='ltr'><strong>sensu²</strong></span> <span class='ocrx_word' id='word_1_26' title='bbox 857 337 894 373; x_wconf 91' lang='lat' dir='ltr'><strong>id</strong></span> <span class='ocrx_word' id='word_1_27' title='bbox 918 336 1013 384; x_wconf 90' lang='lat' dir='ltr'><strong>quod</strong></span> <span class='ocrx_word' id='word_1_28' title='bbox 1038 337 1113 384; x_wconf 83' lang='lat' dir='ltr'><strong>agit</strong></span> <span class='ocrx_word' id='word_1_29' title='bbox 1137 337 1346 373; x_wconf 86' lang='lat' dir='ltr'><strong>documento</strong></span> <span class='ocrx_word' id='word_1_30' title='bbox 1373 340 1433 372; x_wconf 89' lang='lat' dir='ltr'><strong>est.</strong></span> 
     </span>
    </p>

    <p class='ocr_par' dir='ltr' id='par_1_3' title="bbox 140 392 1854 1215">
     <span class='ocr_line' id='line_1_5' title="bbox 269 392 1809 444; baseline 0 -13"><span class='ocrx_word' id='word_1_31' title='bbox 269 394 361 432; x_wconf 82' lang='lat' dir='ltr'><strong>Cum</strong></span> <span class='ocrx_word' id='word_1_32' title='bbox 386 396 479 431; x_wconf 87' lang='lat' dir='ltr'><strong>enim</strong></span> <span class='ocrx_word' id='word_1_33' title='bbox 505 396 549 431; x_wconf 90' lang='lat' dir='ltr'><strong>de</strong></span> <span class='ocrx_word' id='word_1_34' title='bbox 573 392 685 432; x_wconf 84' lang='lat' dir='ltr'><strong>amico</strong></span> <span class='ocrx_word' id='word_1_35' title='bbox 711 396 879 433; x_wconf 86' lang='lat' dir='ltr'><strong>sollicitus</strong></span> <span class='ocrx_word' id='word_1_36' title='bbox 904 397 958 442; x_wconf 81' lang='lat' dir='ltr'><strong>sit,</strong></span> <span class='ocrx_word' id='word_1_37' title='bbox 984 398 1044 444; x_wconf 89' lang='lat' dir='ltr'><strong>qui</strong></span> <span class='ocrx_word' id='word_1_38' title='bbox 1070 397 1105 432; x_wconf 92' lang='lat' dir='ltr'><strong>in</strong></span> <span class='ocrx_word' id='word_1_39' title='bbox 1132 396 1362 433; x_wconf 87' lang='lat' dir='ltr'><strong>miserrimum</strong></span> <span class='ocrx_word' id='word_1_40' title='bbox 1400 400 1533 432; x_wconf 84' lang='lat' dir='ltr'><strong>statum</strong></span> <span class='ocrx_word' id='word_1_41' title='bbox 1559 396 1720 432; x_wconf 86' lang='lat' dir='ltr'><strong>redactus</strong></span> <span class='ocrx_word' id='word_1_42' title='bbox 1746 400 1809 439; x_wconf 86' lang='lat' dir='ltr'><strong>est,</strong></span> 
     </span>
     <span class='ocr_line' id='line_1_6' title="bbox 149 453 1811 502; baseline 0 -12"><span class='ocrx_word' id='word_1_43' title='bbox 149 453 252 490; x_wconf 86' lang='lat' dir='ltr'><strong>huius</strong></span> <span class='ocrx_word' id='word_1_44' title='bbox 278 455 434 491; x_wconf 86' lang='lat' dir='ltr'><strong>animum</strong></span> <span class='ocrx_word' id='word_1_45' title='bbox 460 459 669 491; x_wconf 89' lang='lat' dir='ltr'><strong>commotum</strong></span> <span class='ocrx_word' id='word_1_46' title='bbox 697 456 844 502; x_wconf 76' lang='lat' dir='ltr'>irasque,</span> <span class='ocrx_word' id='word_1_47' title='bbox 869 457 928 502; x_wconf 89' lang='lat' dir='ltr'><strong>qui</strong></span> <span class='ocrx_word' id='word_1_48' title='bbox 960 457 1087 500; x_wconf 87' lang='lat' dir='ltr'><strong>omnia,</strong></span> <span class='ocrx_word' id='word_1_49' title='bbox 1125 468 1216 502; x_wconf 87' lang='lat' dir='ltr'><strong>quae</strong></span> <span class='ocrx_word' id='word_1_50' title='bbox 1255 460 1416 502; x_wconf 86' lang='lat' dir='ltr'><strong>aguntur,</strong></span> <span class='ocrx_word' id='word_1_51' title='bbox 1456 455 1607 491; x_wconf 86' lang='lat' dir='ltr'><strong>amicum</strong></span> <span class='ocrx_word' id='word_1_52' title='bbox 1645 458 1811 501; x_wconf 81' lang='lat' dir='ltr'><strong>quaestus</strong></span> 
     </span>
     <span class='ocr_line' id='line_1_7' title="bbox 150 511 1810 565; baseline 0 -16"><span class='ocrx_word' id='word_1_53' title='bbox 150 526 259 550; x_wconf 81' lang='lat' dir='ltr'><strong>causa</strong></span> <span class='ocrx_word' id='word_1_54' title='bbox 283 517 386 560; x_wconf 85' lang='lat' dir='ltr'><strong>putat</strong></span> <span class='ocrx_word' id='word_1_55' title='bbox 422 514 546 559; x_wconf 76' lang='lat' dir='ltr'><strong>facere,</strong></span> <span class='ocrx_word' id='word_1_56' title='bbox 572 511 697 565; x_wconf 64' lang='lat' dir='ltr'><strong>&#39;aequo</strong></span> <span class='ocrx_word' id='word_1_57' title='bbox 740 515 856 551; x_wconf 88' lang='lat' dir='ltr'><strong>animo</strong></span> <span class='ocrx_word' id='word_1_58' title='bbox 895 516 970 552; x_wconf 84' lang='lat' dir='ltr'><strong>fert.</strong></span> <span class='ocrx_word' id='word_1_59' title='bbox 1018 515 1243 562; x_wconf 81' lang='lat' dir='ltr'><strong>Quamquam</strong></span> <span class='ocrx_word' id='word_1_60' title='bbox 1291 515 1491 560; x_wconf 83' lang='lat' dir='ltr'><strong>saepissime</strong></span> <span class='ocrx_word' id='word_1_61' title='bbox 1517 514 1553 549; x_wconf 92' lang='lat' dir='ltr'><strong>in</strong></span> <span class='ocrx_word' id='word_1_62' title='bbox 1579 514 1810 560; x_wconf 85' lang='lat' dir='ltr'><strong>suspicionem</strong></span> 
     </span>
     <span class='ocr_line' id='line_1_8' title="bbox 149 572 1807 620; baseline 0 -12"><span class='ocrx_word' id='word_1_63' title='bbox 149 572 268 609; x_wconf 76' lang='lat' dir='ltr'><strong>omnia</strong></span> <span class='ocrx_word' id='word_1_64' title='bbox 292 572 470 609; x_wconf 87' lang='lat' dir='ltr'><strong>humiliter</strong></span> <span class='ocrx_word' id='word_1_65' title='bbox 493 574 642 609; x_wconf 86' lang='lat' dir='ltr'><strong>faciendi</strong></span> <span class='ocrx_word' id='word_1_66' title='bbox 669 573 713 609; x_wconf 89' lang='lat' dir='ltr'><strong>ab</strong></span> <span class='ocrx_word' id='word_1_67' title='bbox 739 573 799 609; x_wconf 92' lang='lat' dir='ltr'><strong>illo</strong></span> <span class='ocrx_word' id='word_1_68' title='bbox 825 574 1019 620; x_wconf 83' lang='lat' dir='ltr'><strong>adducitur,</strong></span> <span class='ocrx_word' id='word_1_69' title='bbox 1045 578 1165 611; x_wconf 85' lang='lat' dir='ltr'><strong>tamen</strong></span> <span class='ocrx_word' id='word_1_70' title='bbox 1191 587 1270 610; x_wconf 89' lang='lat' dir='ltr'><strong>cum</strong></span> <span class='ocrx_word' id='word_1_71' title='bbox 1309 574 1406 609; x_wconf 92' lang='lat' dir='ltr'><strong>illum</strong></span> <span class='ocrx_word' id='word_1_72' title='bbox 1447 574 1588 610; x_wconf 82' lang='lat' dir='ltr'><strong>omnino</strong></span> <span class='ocrx_word' id='word_1_73' title='bbox 1614 574 1807 610; x_wconf 83' lang='lat' dir='ltr'><strong>confectum</strong></span> 
     </span>
     <span class='ocr_line' id='line_1_9' title="bbox 149 633 1810 681; baseline -0.001 -11"><span class='ocrx_word' id='word_1_74' title='bbox 149 633 240 670; x_wconf 86' lang='lat' dir='ltr'><strong>curis</strong></span> <span class='ocrx_word' id='word_1_75' title='bbox 265 633 360 669; x_wconf 90' lang='lat' dir='ltr'><strong>videt</strong></span> <span class='ocrx_word' id='word_1_76' title='bbox 377 633 417 678; x_wconf 84' lang='lat'><strong>¹⁶)</strong></span> <span class='ocrx_word' id='word_1_77' title='bbox 443 645 522 669; x_wconf 89' lang='lat' dir='ltr'><strong>eum</strong></span> <span class='ocrx_word' id='word_1_78' title='bbox 548 634 734 670; x_wconf 80' lang='lat' dir='ltr'><strong>destituere</strong></span> <span class='ocrx_word' id='word_1_79' title='bbox 760 646 829 670; x_wconf 91' lang='lat' dir='ltr'><strong>non</strong></span> <span class='ocrx_word' id='word_1_80' title='bbox 867 637 1009 681; x_wconf 52' lang='lat' dir='ltr'><strong>potest(</strong></span> <span class='ocrx_word' id='word_1_81' title='bbox 1029 635 1156 681; x_wconf 78' lang='lat' dir='ltr'><strong>Itaque</strong></span> <span class='ocrx_word' id='word_1_82' title='bbox 1194 634 1362 681; x_wconf 88' lang='lat' dir='ltr'><strong>quamdiu</strong></span> <span class='ocrx_word' id='word_1_83' title='bbox 1400 638 1524 681; x_wconf 70' lang='lat' dir='ltr'><strong>potest,</strong></span> <span class='ocrx_word' id='word_1_84' title='bbox 1550 634 1703 670; x_wconf 88' lang='lat' dir='ltr'><strong>occultat</strong></span> <span class='ocrx_word' id='word_1_85' title='bbox 1727 633 1810 679; x_wconf 91' lang='lat' dir='ltr'><strong>quid</strong></span> 
     </span>
     <span class='ocr_line' id='line_1_10' title="bbox 150 692 1854 740; baseline -0.001 -11"><span class='ocrx_word' id='word_1_86' title='bbox 150 693 194 729; x_wconf 87' lang='lat' dir='ltr'><strong>de</strong></span> <span class='ocrx_word' id='word_1_87' title='bbox 219 693 279 729; x_wconf 94' lang='lat' dir='ltr'><strong>illo</strong></span> <span class='ocrx_word' id='word_1_88' title='bbox 305 694 453 738; x_wconf 86' lang='lat' dir='ltr'><strong>sentiat;</strong></span> <span class='ocrx_word' id='word_1_89' title='bbox 479 706 559 729; x_wconf 89' lang='lat' dir='ltr'><strong>cum</strong></span> <span class='ocrx_word' id='word_1_90' title='bbox 587 697 704 730; x_wconf 88' lang='lat' dir='ltr'><strong>autem</strong></span> <span class='ocrx_word' id='word_1_91' title='bbox 731 694 823 730; x_wconf 87' lang='lat' dir='ltr'><strong>videt</strong></span> <span class='ocrx_word' id='word_1_92' title='bbox 847 692 892 730; x_wconf 38' lang='lat' dir='ltr'><strong>in*</strong></span> <span class='ocrx_word' id='word_1_93' title='bbox 909 695 1071 731; x_wconf 90' lang='lat' dir='ltr'><strong>ultimum</strong></span> <span class='ocrx_word' id='word_1_94' title='bbox 1097 695 1282 731; x_wconf 81' lang='lat' dir='ltr'><strong>discrimen</strong></span> <span class='ocrx_word' id='word_1_95' title='bbox 1309 707 1382 730; x_wconf 90' lang='lat' dir='ltr'><strong>rem</strong></span> <span class='ocrx_word' id='word_1_96' title='bbox 1409 706 1484 730; x_wconf 89' lang='lat' dir='ltr'><strong>esse</strong></span> <span class='ocrx_word' id='word_1_97' title='bbox 1512 694 1710 737; x_wconf 87' lang='lat' dir='ltr'><strong>deductam,</strong></span> <span class='ocrx_word' id='word_1_98' title='bbox 1736 697 1810 729; x_wconf 87' lang='lat' dir='ltr'><strong>tum</strong></span> <span class='ocrx_word' id='word_1_99' title='bbox 1843 732 1854 740; x_wconf 40' lang='lat' dir='ltr'><strong><em>s</em></strong></span> 
     </span>
     <span class='ocr_line' id='line_1_11' title="bbox 150 753 1812 800; baseline -0.001 -12"><span class='ocrx_word' id='word_1_100' title='bbox 150 753 305 789; x_wconf 87' lang='lat' dir='ltr'><strong>maxima</strong></span> <span class='ocrx_word' id='word_1_101' title='bbox 330 753 570 799; x_wconf 79' lang='lat' dir='ltr'><strong>indignatione</strong></span> <span class='ocrx_word' id='word_1_102' title='bbox 596 753 789 789; x_wconf 86' lang='lat' dir='ltr'><strong>exardescit</strong></span> <span class='ocrx_word' id='word_1_103' title='bbox 806 755 847 798; x_wconf 76' lang='lat'><strong>¹⁶)</strong></span> <span class='ocrx_word' id='word_1_104' title='bbox 873 767 984 800; x_wconf 90' lang='lat' dir='ltr'><strong>neque</strong></span> <span class='ocrx_word' id='word_1_105' title='bbox 1010 755 1064 790; x_wconf 86' lang='lat' dir='ltr'><strong>ira</strong></span> <span class='ocrx_word' id='word_1_106' title='bbox 1084 754 1177 790; x_wconf 86' lang='lat' dir='ltr'><strong>ultra</strong></span> <span class='ocrx_word' id='word_1_107' title='bbox 1203 754 1356 789; x_wconf 87' lang='lat' dir='ltr'><strong>cohibita</strong></span> <span class='ocrx_word' id='word_1_108' title='bbox 1381 754 1490 789; x_wconf 85' lang='lat' dir='ltr'><strong>iratus</strong></span> <span class='ocrx_word' id='word_1_109' title='bbox 1508 754 1552 789; x_wconf 93' lang='lat' dir='ltr'><strong>ob</strong></span> <span class='ocrx_word' id='word_1_110' title='bbox 1571 753 1689 788; x_wconf 86' lang='lat' dir='ltr'><strong>oculos</strong></span> <span class='ocrx_word' id='word_1_111' title='bbox 1714 753 1812 799; x_wconf 87' lang='lat' dir='ltr'><strong>ponit</strong></span> 
     </span>
     <span class='ocr_line' id='line_1_12' title="bbox 150 811 1808 859; baseline -0.001 -12"><span class='ocrx_word' id='word_1_112' title='bbox 150 811 282 847; x_wconf 88' lang='lat' dir='ltr'><strong>homini</strong></span> <span class='ocrx_word' id='word_1_113' title='bbox 309 812 480 848; x_wconf 91' lang='lat' dir='ltr'><strong>desidioso</strong></span> <span class='ocrx_word' id='word_1_114' title='bbox 507 816 542 848; x_wconf 88' lang='lat' dir='ltr'><strong>et</strong></span> <span class='ocrx_word' id='word_1_115' title='bbox 569 812 713 859; x_wconf 84' lang='lat' dir='ltr'><strong>prodigo</strong></span> <span class='ocrx_word' id='word_1_116' title='bbox 752 813 921 849; x_wconf 89' lang='lat' dir='ltr'><strong>rationem</strong></span> <span class='ocrx_word' id='word_1_117' title='bbox 961 814 1096 849; x_wconf 90' lang='lat' dir='ltr'><strong>vivendi</strong></span> <span class='ocrx_word' id='word_1_118' title='bbox 1135 817 1171 849; x_wconf 92' lang='lat' dir='ltr'><strong>et</strong></span> <span class='ocrx_word' id='word_1_119' title='bbox 1209 813 1427 848; x_wconf 86' lang='lat' dir='ltr'><strong>demonstrat</strong></span> <span class='ocrx_word' id='word_1_120' title='bbox 1470 812 1690 858; x_wconf 86' lang='lat' dir='ltr'><strong>ostenditque</strong></span> <span class='ocrx_word' id='word_1_121' title='bbox 1731 824 1808 847; x_wconf 76' lang='lat' dir='ltr'><strong>euin</strong></span> 
     </span>
     <span class='ocr_line' id='line_1_13' title="bbox 151 871 1811 918; baseline -0.001 -12"><span class='ocrx_word' id='word_1_122' title='bbox 151 883 316 917; x_wconf 90' lang='lat' dir='ltr'><strong>umquam</strong></span> <span class='ocrx_word' id='word_1_123' title='bbox 341 872 512 907; x_wconf 85' lang='lat' dir='ltr'><strong>&#39;rationem</strong></span> <span class='ocrx_word' id='word_1_124' title='bbox 538 872 737 917; x_wconf 85' lang='lat' dir='ltr'><strong>respexisse,</strong></span> <span class='ocrx_word' id='word_1_125' title='bbox 764 873 846 918; x_wconf 92' lang='lat' dir='ltr'><strong>quid</strong></span> <span class='ocrx_word' id='word_1_126' title='bbox 872 873 915 908; x_wconf 79' lang='lat' dir='ltr'><strong>d‘e</strong></span> <span class='ocrx_word' id='word_1_127' title='bbox 941 885 977 908; x_wconf 90' lang='lat' dir='ltr'><strong>se</strong></span> <span class='ocrx_word' id='word_1_128' title='bbox 1005 873 1151 918; x_wconf 82' lang='lat' dir='ltr'><strong>quisque</strong></span> <span class='ocrx_word' id='word_1_129' title='bbox 1177 873 1325 915; x_wconf 80' lang='lat' dir='ltr'><strong>sentiat3</strong></span> <span class='ocrx_word' id='word_1_130' title='bbox 1353 884 1445 907; x_wconf 90' lang='lat' dir='ltr'><strong>nunc</strong></span> <span class='ocrx_word' id='word_1_131' title='bbox 1471 875 1589 913; x_wconf 86' lang='lat' dir='ltr'><strong>autem</strong></span> <span class='ocrx_word' id='word_1_132' title='bbox 1616 884 1685 906; x_wconf 91' lang='lat' dir='ltr'><strong>uno</strong></span> <span class='ocrx_word' id='word_1_133' title='bbox 1712 871 1811 916; x_wconf 80' lang='lat' dir='ltr'><strong>quasi</strong></span> 
     </span>
     <span class='ocr_line' id='line_1_14' title="bbox 151 929 1811 977; baseline -0.001 -12"><span class='ocrx_word' id='word_1_134' title='bbox 151 930 283 976; x_wconf 90' lang='lat' dir='ltr'><strong>impetu</strong></span> <span class='ocrx_word' id='word_1_135' title='bbox 308 929 423 965; x_wconf 83' lang='lat' dir='ltr'><strong>famae</strong></span> <span class='ocrx_word' id='word_1_136' title='bbox 466 942 559 974; x_wconf 87' lang='lat' dir='ltr'><strong>suae,</strong></span> <span class='ocrx_word' id='word_1_137' title='bbox 586 942 691 976; x_wconf 86' lang='lat' dir='ltr'><strong>quam</strong></span> <span class='ocrx_word' id='word_1_138' title='bbox 716 943 856 977; x_wconf 86' lang='lat' dir='ltr'><strong>prorsus</strong></span> <span class='ocrx_word' id='word_1_139' title='bbox 882 932 1080 977; x_wconf 87' lang='lat' dir='ltr'><strong>neglexerit,</strong></span> <span class='ocrx_word' id='word_1_140' title='bbox 1120 943 1260 977; x_wconf 84' lang='lat' dir='ltr'><strong>operam</strong></span> <span class='ocrx_word' id='word_1_141' title='bbox 1302 931 1405 974; x_wconf 89' lang='lat' dir='ltr'><strong>dare;</strong></span> <span class='ocrx_word' id='word_1_142' title='bbox 1444 930 1592 976; x_wconf 89' lang='lat' dir='ltr'><strong>denique</strong></span> <span class='ocrx_word' id='word_1_143' title='bbox 1619 930 1650 965; x_wconf 90' lang='lat' dir='ltr'><strong>ei</strong></span> <span class='ocrx_word' id='word_1_144' title='bbox 1677 929 1811 965; x_wconf 88' lang='lat' dir='ltr'><strong>crimini</strong></span> 
     </span>
     <span class='ocr_line' id='line_1_15' title="bbox 152 989 1808 1035; baseline -0.001 -11"><span class='ocrx_word' id='word_1_145' title='bbox 152 989 223 1033; x_wconf 78' lang='lat' dir='ltr'><strong>dat,</strong></span> <span class='ocrx_word' id='word_1_146' title='bbox 248 989 342 1034; x_wconf 86' lang='lat' dir='ltr'><strong>quod</strong></span> <span class='ocrx_word' id='word_1_147' title='bbox 368 989 516 1025; x_wconf 91' lang='lat' dir='ltr'><strong>maiores</strong></span> <span class='ocrx_word' id='word_1_148' title='bbox 542 989 636 1025; x_wconf 85' lang='lat' dir='ltr'><strong>velut</strong></span> <span class='ocrx_word' id='word_1_149' title='bbox 661 990 747 1025; x_wconf 89' lang='lat' dir='ltr'><strong>nihil</strong></span> <span class='ocrx_word' id='word_1_150' title='bbox 773 991 868 1026; x_wconf 88' lang='lat' dir='ltr'><strong>aliud</strong></span> <span class='ocrx_word' id='word_1_151' title='bbox 893 990 1040 1026; x_wconf 89' lang='lat' dir='ltr'><strong>voluisse</strong></span> <span class='ocrx_word' id='word_1_152' title='bbox 1067 990 1262 1034; x_wconf 88' lang='lat' dir='ltr'><strong>videantur,</strong></span> <span class='ocrx_word' id='word_1_153' title='bbox 1288 1002 1393 1035; x_wconf 90' lang='lat' dir='ltr'><strong>quam</strong></span> <span class='ocrx_word' id='word_1_154' title='bbox 1433 990 1556 1025; x_wconf 91' lang='lat' dir='ltr'><strong>honori</strong></span> <span class='ocrx_word' id='word_1_155' title='bbox 1594 993 1808 1035; x_wconf 86' lang='lat' dir='ltr'><strong>posterorum</strong></span> 
     </span>
     <span class='ocr_line' id='line_1_16' title="bbox 152 1047 1810 1095; baseline 0.001 -13"><span class='ocrx_word' id='word_1_156' title='bbox 152 1051 191 1083; x_wconf 91' lang='lat' dir='ltr'><strong>ut</strong></span> <span class='ocrx_word' id='word_1_157' title='bbox 216 1047 342 1083; x_wconf 88' lang='lat' dir='ltr'><strong>vindex</strong></span> <span class='ocrx_word' id='word_1_158' title='bbox 367 1047 439 1083; x_wconf 86' lang='lat' dir='ltr'><strong>fiat.</strong></span> <span class='ocrx_word' id='word_1_159' title='bbox 465 1047 553 1083; x_wconf 88' lang='lat' dir='ltr'><strong>Eius</strong></span> <span class='ocrx_word' id='word_1_160' title='bbox 580 1048 672 1083; x_wconf 91' lang='lat' dir='ltr'><strong>modi</strong></span> <span class='ocrx_word' id='word_1_161' title='bbox 699 1052 751 1084; x_wconf 90' lang='lat' dir='ltr'><strong>est</strong></span> <span class='ocrx_word' id='word_1_162' title='bbox 776 1049 833 1084; x_wconf 91' lang='lat' dir='ltr'><strong>ille</strong></span> <span class='ocrx_word' id='word_1_163' title='bbox 860 1050 1001 1094; x_wconf 86' lang='lat' dir='ltr'><strong>amicus,</strong></span> <span class='ocrx_word' id='word_1_164' title='bbox 1027 1049 1086 1095; x_wconf 91' lang='lat' dir='ltr'><strong>qui</strong></span> <span class='ocrx_word' id='word_1_165' title='bbox 1113 1061 1303 1095; x_wconf 88' lang='lat' dir='ltr'><strong>numquam</strong></span> <span class='ocrx_word' id='word_1_166' title='bbox 1330 1049 1491 1084; x_wconf 88' lang='lat' dir='ltr'><strong>iniuriam</strong></span> <span class='ocrx_word' id='word_1_167' title='bbox 1533 1048 1651 1084; x_wconf 90' lang='lat' dir='ltr'><strong>intulit</strong></span> <span class='ocrx_word' id='word_1_168' title='bbox 1689 1048 1810 1091; x_wconf 84' lang='lat' dir='ltr'><strong>amico,</strong></span> 
     </span>
     <span class='ocr_line' id='line_1_17' title="bbox 151 1107 1813 1155; baseline -0.001 -12"><span class='ocrx_word' id='word_1_169' title='bbox 151 1120 341 1154; x_wconf 87' lang='lat' dir='ltr'><strong>numquam</strong></span> <span class='ocrx_word' id='word_1_170' title='bbox 368 1119 447 1143; x_wconf 91' lang='lat' dir='ltr'><strong>eum</strong></span> <span class='ocrx_word' id='word_1_171' title='bbox 473 1107 576 1144; x_wconf 85' lang='lat' dir='ltr'><strong>laesit</strong></span> <span class='ocrx_word' id='word_1_172' title='bbox 593 1108 653 1153; x_wconf 83' lang='lat'>¹⁷);</span> <span class='ocrx_word' id='word_1_173' title='bbox 679 1112 717 1144; x_wconf 90' lang='lat' dir='ltr'><strong>at</strong></span> <span class='ocrx_word' id='word_1_174' title='bbox 741 1109 813 1145; x_wconf 92' lang='lat' dir='ltr'><strong>eius</strong></span> <span class='ocrx_word' id='word_1_175' title='bbox 840 1109 975 1145; x_wconf 90' lang='lat' dir='ltr'><strong>animus</strong></span> <span class='ocrx_word' id='word_1_176' title='bbox 1010 1112 1150 1155; x_wconf 87' lang='lat' dir='ltr'><strong>apertus</strong></span> <span class='ocrx_word' id='word_1_177' title='bbox 1190 1109 1331 1155; x_wconf 91' lang='lat' dir='ltr'><strong>eiusque</strong></span> <span class='ocrx_word' id='word_1_178' title='bbox 1372 1109 1499 1144; x_wconf 84' lang='lat' dir='ltr'><strong>veritas</strong></span> <span class='ocrx_word' id='word_1_179' title='bbox 1517 1108 1557 1154; x_wconf 77' lang='lat'><strong>¹⁸)</strong></span> <span class='ocrx_word' id='word_1_180' title='bbox 1596 1111 1735 1154; x_wconf 84' lang='lat' dir='ltr'><strong>cogunt,</strong></span> <span class='ocrx_word' id='word_1_181' title='bbox 1775 1111 1813 1143; x_wconf 88' lang='lat' dir='ltr'><strong>ut</strong></span> 
     </span>
     <span class='ocr_line' id='line_1_18' title="bbox 140 1166 1464 1215; baseline 0.001 -13"><span class='ocrx_word' id='word_1_182' title='bbox 140 1167 338 1213; x_wconf 71' lang='lat' dir='ltr'><strong>&#39;imaginem</strong></span> <span class='ocrx_word' id='word_1_183' title='bbox 363 1166 479 1211; x_wconf 86' lang='lat' dir='ltr'><strong>futuri,</strong></span> <span class='ocrx_word' id='word_1_184' title='bbox 505 1180 594 1213; x_wconf 90' lang='lat' dir='ltr'><strong>quae</strong></span> <span class='ocrx_word' id='word_1_185' title='bbox 621 1168 727 1203; x_wconf 86' lang='lat' dir='ltr'><strong>talem</strong></span> <span class='ocrx_word' id='word_1_186' title='bbox 753 1168 882 1206; x_wconf 72' lang='lat' dir='ltr'><strong>fontem</strong></span> <span class='ocrx_word' id='word_1_187' title='bbox 909 1169 1026 1213; x_wconf 77' lang='lat' dir='ltr'><strong>habet,</strong></span> <span class='ocrx_word' id='word_1_188' title='bbox 1051 1169 1270 1215; x_wconf 88' lang='lat' dir='ltr'><strong>praesentiae</strong></span> <span class='ocrx_word' id='word_1_189' title='bbox 1296 1169 1464 1214; x_wconf 85' lang='lat' dir='ltr'><strong>apperiat.</strong></span> 
     </span>
    </p>

    <p class='ocr_par' dir='ltr' id='par_1_4' title="bbox 151 1225 1812 1925">
     <span class='ocr_line' id='line_1_19' title="bbox 269 1225 1804 1273; baseline 0.001 -12"><span class='ocrx_word' id='word_1_190' title='bbox 269 1225 366 1261; x_wconf 90' lang='lat' dir='ltr'><strong>Huic</strong></span> <span class='ocrx_word' id='word_1_191' title='bbox 391 1227 614 1272; x_wconf 89' lang='lat' dir='ltr'><strong>magnanimo</strong></span> <span class='ocrx_word' id='word_1_192' title='bbox 641 1226 863 1271; x_wconf 86' lang='lat' dir='ltr'><strong>adulescenti,</strong></span> <span class='ocrx_word' id='word_1_193' title='bbox 888 1227 947 1273; x_wconf 92' lang='lat' dir='ltr'><strong>qui</strong></span> <span class='ocrx_word' id='word_1_194' title='bbox 974 1227 1204 1263; x_wconf 89' lang='lat' dir='ltr'><strong>alienissimus</strong></span> <span class='ocrx_word' id='word_1_195' title='bbox 1243 1232 1296 1263; x_wconf 85' lang='lat' dir='ltr'><strong>est</strong></span> <span class='ocrx_word' id='word_1_196' title='bbox 1320 1228 1365 1263; x_wconf 86' lang='lat' dir='ltr'><strong>ab</strong></span> <span class='ocrx_word' id='word_1_197' title='bbox 1391 1228 1459 1263; x_wconf 90' lang='lat' dir='ltr'><strong>illis</strong></span> <span class='ocrx_word' id='word_1_198' title='bbox 1485 1228 1656 1263; x_wconf 88' lang='lat' dir='ltr'><strong>malorum</strong></span> <span class='ocrx_word' id='word_1_199' title='bbox 1683 1231 1804 1263; x_wconf 88' lang='lat' dir='ltr'><strong>contu-</strong></span> 
     </span>
     <span class='ocr_line' id='line_1_20' title="bbox 152 1284 1808 1332; baseline 0.001 -13"><span class='ocrx_word' id='word_1_200' title='bbox 152 1284 290 1328; x_wconf 87' lang='lat' dir='ltr'><strong>berniis,</strong></span> <span class='ocrx_word' id='word_1_201' title='bbox 316 1285 352 1319; x_wconf 90' lang='lat' dir='ltr'><strong>in</strong></span> <span class='ocrx_word' id='word_1_202' title='bbox 378 1297 468 1330; x_wconf 88' lang='lat' dir='ltr'><strong>quae</strong></span> <span class='ocrx_word' id='word_1_203' title='bbox 494 1289 620 1320; x_wconf 89' lang='lat' dir='ltr'><strong>cuncta</strong></span> <span class='ocrx_word' id='word_1_204' title='bbox 645 1286 796 1331; x_wconf 89' lang='lat' dir='ltr'><strong>undique</strong></span> <span class='ocrx_word' id='word_1_205' title='bbox 823 1286 954 1321; x_wconf 87' lang='lat' dir='ltr'><strong>atrocia</strong></span> <span class='ocrx_word' id='word_1_206' title='bbox 974 1289 1036 1321; x_wconf 88' lang='lat' dir='ltr'><strong>aut</strong></span> <span class='ocrx_word' id='word_1_207' title='bbox 1055 1286 1221 1331; x_wconf 88' lang='lat' dir='ltr'><strong>pudenda</strong></span> <span class='ocrx_word' id='word_1_208' title='bbox 1246 1286 1434 1330; x_wconf 84' lang='lat' dir='ltr'><strong>confluunt,</strong></span> <span class='ocrx_word' id='word_1_209' title='bbox 1461 1286 1675 1321; x_wconf 88' lang='lat' dir='ltr'><strong>Lesbonicus</strong></span> <span class='ocrx_word' id='word_1_210' title='bbox 1701 1298 1808 1332; x_wconf 91' lang='lat' dir='ltr'><strong>oppo-</strong></span> 
     </span>
     <span class='ocr_line' id='line_1_21' title="bbox 152 1344 1809 1390; baseline 0.001 -10"><span class='ocrx_word' id='word_1_211' title='bbox 152 1344 238 1380; x_wconf 86' lang='lat' dir='ltr'><strong>situs</strong></span> <span class='ocrx_word' id='word_1_212' title='bbox 264 1348 326 1389; x_wconf 86' lang='lat' dir='ltr'><strong>est,</strong></span> <span class='ocrx_word' id='word_1_213' title='bbox 352 1345 411 1390; x_wconf 92' lang='lat' dir='ltr'><strong>qui</strong></span> <span class='ocrx_word' id='word_1_214' title='bbox 437 1345 613 1380; x_wconf 84' lang='lat' dir='ltr'><strong>levitatem</strong></span> <span class='ocrx_word' id='word_1_215' title='bbox 654 1345 839 1381; x_wconf 88' lang='lat' dir='ltr'><strong>iuvenilem</strong></span> <span class='ocrx_word' id='word_1_216' title='bbox 882 1358 954 1381; x_wconf 90' lang='lat' dir='ltr'><strong>non</strong></span> <span class='ocrx_word' id='word_1_217' title='bbox 999 1345 1197 1381; x_wconf 87' lang='lat' dir='ltr'><strong>emendavit</strong></span> <span class='ocrx_word' id='word_1_218' title='bbox 1240 1357 1357 1380; x_wconf 88' lang='lat' dir='ltr'><strong>amore</strong></span> <span class='ocrx_word' id='word_1_219' title='bbox 1396 1359 1476 1381; x_wconf 89' lang='lat' dir='ltr'><strong>vero</strong></span> <span class='ocrx_word' id='word_1_220' title='bbox 1502 1350 1538 1381; x_wconf 89' lang='lat' dir='ltr'><strong>et</strong></span> <span class='ocrx_word' id='word_1_221' title='bbox 1575 1346 1709 1381; x_wconf 87' lang='lat' dir='ltr'><strong>sincero</strong></span> <span class='ocrx_word' id='word_1_222' title='bbox 1748 1345 1809 1380; x_wconf 88' lang='lat' dir='ltr'><strong>sed</strong></span> 
     </span>
     <span class='ocr_line' id='line_1_22' title="bbox 152 1404 1810 1450; baseline 0.001 -12"><span class='ocrx_word' id='word_1_223' title='bbox 152 1404 358 1439; x_wconf 83' lang='lat' dir='ltr'><strong>immaturus</strong></span> <span class='ocrx_word' id='word_1_224' title='bbox 384 1404 636 1450; x_wconf 83' lang='lat' dir='ltr'><strong>perhomines,</strong></span> <span class='ocrx_word' id='word_1_225' title='bbox 662 1405 751 1449; x_wconf 88' lang='lat' dir='ltr'><strong>vino,</strong></span> <span class='ocrx_word' id='word_1_226' title='bbox 777 1405 907 1450; x_wconf 88' lang='lat' dir='ltr'><strong>ganeis,</strong></span> <span class='ocrx_word' id='word_1_227' title='bbox 935 1405 1115 1440; x_wconf 90' lang='lat' dir='ltr'><strong>lenociniis</strong></span> <span class='ocrx_word' id='word_1_228' title='bbox 1154 1405 1401 1450; x_wconf 75' lang='lat' dir='ltr'><strong>adulteriisque</strong></span> <span class='ocrx_word' id='word_1_229' title='bbox 1429 1405 1612 1448; x_wconf 85' lang='lat' dir='ltr'><strong>confectos,</strong></span> <span class='ocrx_word' id='word_1_230' title='bbox 1651 1406 1709 1450; x_wconf 88' lang='lat' dir='ltr'><strong>qui</strong></span> <span class='ocrx_word' id='word_1_231' title='bbox 1736 1405 1810 1439; x_wconf 87' lang='lat' dir='ltr'><strong>eius</strong></span> 
     </span>
     <span class='ocr_line' id='line_1_23' title="bbox 154 1463 1809 1510; baseline 0 -11"><span class='ocrx_word' id='word_1_232' title='bbox 154 1463 317 1499; x_wconf 88' lang='lat' dir='ltr'><strong>comitate</strong></span> <span class='ocrx_word' id='word_1_233' title='bbox 359 1463 593 1510; x_wconf 86' lang='lat' dir='ltr'><strong>facilitateque</strong></span> <span class='ocrx_word' id='word_1_234' title='bbox 635 1464 789 1510; x_wconf 90' lang='lat' dir='ltr'><strong>improbe</strong></span> <span class='ocrx_word' id='word_1_235' title='bbox 815 1464 868 1499; x_wconf 93' lang='lat' dir='ltr'><strong>usi</strong></span> <span class='ocrx_word' id='word_1_236' title='bbox 894 1467 984 1508; x_wconf 79' lang='lat' dir='ltr'><strong>sunt,</strong></span> <span class='ocrx_word' id='word_1_237' title='bbox 1024 1464 1070 1499; x_wconf 81' lang='lat' dir='ltr'><strong>ad</strong></span> <span class='ocrx_word' id='word_1_238' title='bbox 1108 1464 1299 1509; x_wconf 86' lang='lat' dir='ltr'><strong>nequitiam</strong></span> <span class='ocrx_word' id='word_1_239' title='bbox 1343 1464 1514 1499; x_wconf 89' lang='lat' dir='ltr'><strong>adductus</strong></span> <span class='ocrx_word' id='word_1_240' title='bbox 1541 1468 1602 1499; x_wconf 82' lang='lat' dir='ltr'><strong>est.</strong></span> <span class='ocrx_word' id='word_1_241' title='bbox 1646 1464 1717 1499; x_wconf 85' lang='lat' dir='ltr'><strong>Hic</strong></span> <span class='ocrx_word' id='word_1_242' title='bbox 1743 1464 1809 1499; x_wconf 91' lang='lat' dir='ltr'><strong>levi</strong></span> 
     </span>
     <span class='ocr_line' id='line_1_24' title="bbox 152 1522 1810 1569; baseline 0.001 -12"><span class='ocrx_word' id='word_1_243' title='bbox 152 1523 321 1568; x_wconf 89' lang='lat' dir='ltr'><strong>pecuniae</strong></span> <span class='ocrx_word' id='word_1_244' title='bbox 347 1522 513 1559; x_wconf 85' lang='lat' dir='ltr'><strong>effusione</strong></span> <span class='ocrx_word' id='word_1_245' title='bbox 539 1524 727 1558; x_wconf 90' lang='lat' dir='ltr'><strong>amicorum</strong></span> <span class='ocrx_word' id='word_1_246' title='bbox 754 1524 882 1559; x_wconf 87' lang='lat' dir='ltr'><strong>amissa</strong></span> <span class='ocrx_word' id='word_1_247' title='bbox 907 1535 948 1558; x_wconf 92' lang='lat' dir='ltr'><strong>eo</strong></span> <span class='ocrx_word' id='word_1_248' title='bbox 975 1523 1141 1569; x_wconf 86' lang='lat' dir='ltr'><strong>pervenit,</strong></span> <span class='ocrx_word' id='word_1_249' title='bbox 1167 1526 1207 1558; x_wconf 94' lang='lat' dir='ltr'><strong>ut</strong></span> <span class='ocrx_word' id='word_1_250' title='bbox 1232 1523 1337 1557; x_wconf 83' lang='lat' dir='ltr'><strong>etiam</strong></span> <span class='ocrx_word' id='word_1_251' title='bbox 1378 1523 1531 1559; x_wconf 81' lang='lat' dir='ltr'><strong>Callides</strong></span> <span class='ocrx_word' id='word_1_252' title='bbox 1557 1524 1680 1558; x_wconf 79' lang='lat' dir='ltr'><strong>merito</strong></span> <span class='ocrx_word' id='word_1_253' title='bbox 1706 1527 1810 1569; x_wconf 81' lang='lat' dir='ltr'><strong>atquc</strong></span> 
     </span>
     <span class='ocr_line' id='line_1_25' title="bbox 152 1582 1810 1628; baseline 0 -10"><span class='ocrx_word' id='word_1_254' title='bbox 152 1582 226 1618; x_wconf 87' lang='lat' dir='ltr'><strong>iure</strong></span> <span class='ocrx_word' id='word_1_255' title='bbox 253 1582 432 1619; x_wconf 83' lang='lat' dir='ltr'><strong>cautiones</strong></span> <span class='ocrx_word' id='word_1_256' title='bbox 471 1582 636 1619; x_wconf 89' lang='lat' dir='ltr'><strong>adhibeat</strong></span> <span class='ocrx_word' id='word_1_257' title='bbox 652 1583 702 1628; x_wconf 86' lang='lat'><strong>¹⁹).</strong></span> <span class='ocrx_word' id='word_1_258' title='bbox 742 1582 871 1627; x_wconf 59' lang='lat' dir='ltr'><strong>Soron,</strong></span> <span class='ocrx_word' id='word_1_259' title='bbox 910 1594 1124 1628; x_wconf 87' lang='lat' dir='ltr'><strong>quamquam</strong></span> <span class='ocrx_word' id='word_1_260' title='bbox 1164 1594 1207 1617; x_wconf 92' lang='lat' dir='ltr'><strong>ea</strong></span> <span class='ocrx_word' id='word_1_261' title='bbox 1231 1585 1307 1617; x_wconf 88' lang='lat' dir='ltr'><strong>tota</strong></span> <span class='ocrx_word' id='word_1_262' title='bbox 1345 1586 1419 1618; x_wconf 87' lang='lat' dir='ltr'><strong>erat</strong></span> <span class='ocrx_word' id='word_1_263' title='bbox 1457 1582 1572 1618; x_wconf 81' lang='lat' dir='ltr'><strong>fratris</strong></span> <span class='ocrx_word' id='word_1_264' title='bbox 1611 1583 1752 1618; x_wconf 77' lang='lat' dir='ltr'><strong>iactatio</strong></span> <span class='ocrx_word' id='word_1_265' title='bbox 1768 1583 1810 1626; x_wconf 78' lang='lat'><strong>²⁰)</strong></span> 
     </span>
     <span class='ocr_line' id='line_1_26' title="bbox 151 1642 1809 1688; baseline 0.001 -11"><span class='ocrx_word' id='word_1_266' title='bbox 151 1645 266 1677; x_wconf 85' lang='lat' dir='ltr'><strong>tamen</strong></span> <span class='ocrx_word' id='word_1_267' title='bbox 295 1642 434 1677; x_wconf 87' lang='lat' dir='ltr'><strong>levitate</strong></span> <span class='ocrx_word' id='word_1_268' title='bbox 461 1655 525 1678; x_wconf 88' lang='lat' dir='ltr'><strong>sua</strong></span> <span class='ocrx_word' id='word_1_269' title='bbox 550 1646 739 1688; x_wconf 87' lang='lat' dir='ltr'><strong>egestatem</strong></span> <span class='ocrx_word' id='word_1_270' title='bbox 783 1642 904 1678; x_wconf 88' lang='lat' dir='ltr'><strong>adfert.</strong></span> <span class='ocrx_word' id='word_1_271' title='bbox 946 1642 1000 1678; x_wconf 84' lang='lat' dir='ltr'><strong>At</strong></span> <span class='ocrx_word' id='word_1_272' title='bbox 1038 1643 1272 1688; x_wconf 87' lang='lat' dir='ltr'><strong>poenitentiae</strong></span> <span class='ocrx_word' id='word_1_273' title='bbox 1313 1643 1414 1678; x_wconf 83' lang='lat' dir='ltr'><strong>venia</strong></span> <span class='ocrx_word' id='word_1_274' title='bbox 1453 1643 1565 1687; x_wconf 86' lang='lat' dir='ltr'><strong>datur,</strong></span> <span class='ocrx_word' id='word_1_275' title='bbox 1604 1644 1631 1678; x_wconf 84' lang='lat' dir='ltr'><strong>si</strong></span> <span class='ocrx_word' id='word_1_276' title='bbox 1659 1643 1809 1688; x_wconf 82' lang='lat' dir='ltr'><strong>reliquas</strong></span> 
     </span>
     <span class='ocr_line' id='line_1_27' title="bbox 152 1694 1812 1748; baseline 0.001 -13"><span class='ocrx_word' id='word_1_277' title='bbox 152 1705 244 1736; x_wconf 84' lang='lat' dir='ltr'><strong>artes</strong></span> <span class='ocrx_word' id='word_1_278' title='bbox 270 1694 414 1737; x_wconf 85' lang='lat' dir='ltr'><strong>eximias</strong></span> <span class='ocrx_word' id='word_1_279' title='bbox 456 1702 666 1747; x_wconf 86' lang='lat' dir='ltr'><strong>respicimus.</strong></span> <span class='ocrx_word' id='word_1_280' title='bbox 712 1701 802 1737; x_wconf 84' lang='lat' dir='ltr'><strong>Cum</strong></span> <span class='ocrx_word' id='word_1_281' title='bbox 843 1702 1093 1736; x_wconf 90' lang='lat' dir='ltr'><strong>cosncientiam</strong></span> <span class='ocrx_word' id='word_1_282' title='bbox 1132 1702 1285 1747; x_wconf 86' lang='lat' dir='ltr'><strong>optimae</strong></span> <span class='ocrx_word' id='word_1_283' title='bbox 1332 1702 1458 1737; x_wconf 88' lang='lat' dir='ltr'><strong>mentis</strong></span> <span class='ocrx_word' id='word_1_284' title='bbox 1504 1702 1633 1737; x_wconf 85' lang='lat' dir='ltr'><strong>elatam</strong></span> <span class='ocrx_word' id='word_1_285' title='bbox 1675 1714 1812 1748; x_wconf 88' lang='lat' dir='ltr'><strong>semper</strong></span> 
     </span>
     <span class='ocr_line' id='line_1_28' title="bbox 152 1760 1810 1807; baseline 0.001 -12"><span class='ocrx_word' id='word_1_286' title='bbox 152 1760 285 1796; x_wconf 91' lang='lat' dir='ltr'><strong>indicat</strong></span> <span class='ocrx_word' id='word_1_287' title='bbox 299 1760 351 1805; x_wconf 73' lang='lat'><strong>²¹),</strong></span> <span class='ocrx_word' id='word_1_288' title='bbox 377 1760 552 1807; x_wconf 90' lang='lat' dir='ltr'><strong>nobilique</strong></span> <span class='ocrx_word' id='word_1_289' title='bbox 577 1761 754 1807; x_wconf 87' lang='lat' dir='ltr'><strong>ingenium</strong></span> <span class='ocrx_word' id='word_1_290' title='bbox 781 1760 1075 1807; x_wconf 87' lang='lat' dir='ltr'><strong>offensionemque</strong></span> <span class='ocrx_word' id='word_1_291' title='bbox 1101 1765 1242 1807; x_wconf 87' lang='lat' dir='ltr'><strong>propter</strong></span> <span class='ocrx_word' id='word_1_292' title='bbox 1267 1774 1321 1797; x_wconf 89' lang='lat' dir='ltr'><strong>res</strong></span> <span class='ocrx_word' id='word_1_293' title='bbox 1348 1765 1516 1807; x_wconf 86' lang='lat' dir='ltr'><strong>angustas</strong></span> <span class='ocrx_word' id='word_1_294' title='bbox 1543 1762 1697 1806; x_wconf 87' lang='lat' dir='ltr'><strong>nimiam,</strong></span> <span class='ocrx_word' id='word_1_295' title='bbox 1735 1766 1810 1797; x_wconf 93' lang='lat' dir='ltr'><strong>tum</strong></span> 
     </span>
     <span class='ocr_line' id='line_1_29' title="bbox 154 1820 1812 1866; baseline 0.001 -12"><span class='ocrx_word' id='word_1_296' title='bbox 154 1820 257 1854; x_wconf 89' lang='lat' dir='ltr'><strong>etiam</strong></span> <span class='ocrx_word' id='word_1_297' title='bbox 286 1820 343 1855; x_wconf 93' lang='lat' dir='ltr'><strong>ille</strong></span> <span class='ocrx_word' id='word_1_298' title='bbox 370 1820 491 1865; x_wconf 88' lang='lat' dir='ltr'><strong>pudor,</strong></span> <span class='ocrx_word' id='word_1_299' title='bbox 531 1820 592 1854; x_wconf 86' lang='lat' dir='ltr'><strong>illa</strong></span> <span class='ocrx_word' id='word_1_300' title='bbox 630 1820 771 1855; x_wconf 88' lang='lat' dir='ltr'><strong>ambitio</strong></span> <span class='ocrx_word' id='word_1_301' title='bbox 813 1821 912 1863; x_wconf 89' lang='lat' dir='ltr'><strong>inest,</strong></span> <span class='ocrx_word' id='word_1_302' title='bbox 955 1832 1059 1865; x_wconf 85' lang='lat' dir='ltr'><strong>quam</strong></span> <span class='ocrx_word' id='word_1_303' title='bbox 1106 1820 1316 1865; x_wconf 84' lang='lat' dir='ltr'><strong>nequiquam</strong></span> <span class='ocrx_word' id='word_1_304' title='bbox 1356 1821 1390 1854; x_wconf 89' lang='lat' dir='ltr'><strong>in</strong></span> <span class='ocrx_word' id='word_1_305' title='bbox 1430 1821 1573 1866; x_wconf 88' lang='lat' dir='ltr'><strong>perditis</strong></span> <span class='ocrx_word' id='word_1_306' title='bbox 1616 1821 1812 1856; x_wconf 90' lang='lat' dir='ltr'><strong>hominibus</strong></span> 
     </span>
     <span class='ocr_line' id='line_1_30' title="bbox 153 1879 365 1925; baseline 0.005 -11"><span class='ocrx_word' id='word_1_307' title='bbox 153 1891 298 1925; x_wconf 85' lang='lat' dir='ltr'><strong>quaeres</strong></span> <span class='ocrx_word' id='word_1_308' title='bbox 313 1879 365 1924; x_wconf 80' lang='lat'>²²).</span> 
     </span>
    </p>

    <p class='ocr_par' dir='ltr' id='par_1_5' title="bbox 152 1939 1814 2703">
     <span class='ocr_line' id='line_1_31' title="bbox 272 1939 1811 1985; baseline 0 -11"><span class='ocrx_word' id='word_1_309' title='bbox 272 1939 493 1975; x_wconf 86' lang='lat' dir='ltr'><strong>Philolaches</strong></span> <span class='ocrx_word' id='word_1_310' title='bbox 519 1939 758 1975; x_wconf 88' lang='lat' dir='ltr'><strong>Mostellariae</strong></span> <span class='ocrx_word' id='word_1_311' title='bbox 784 1939 931 1974; x_wconf 81' lang='lat' dir='ltr'><strong>alterum</strong></span> <span class='ocrx_word' id='word_1_312' title='bbox 958 1942 1011 1974; x_wconf 88' lang='lat' dir='ltr'><strong>est</strong></span> <span class='ocrx_word' id='word_1_313' title='bbox 1036 1939 1232 1984; x_wconf 88' lang='lat' dir='ltr'><strong>exemplum</strong></span> <span class='ocrx_word' id='word_1_314' title='bbox 1252 1939 1376 1974; x_wconf 84' lang='lat' dir='ltr'><strong>nobilis</strong></span> <span class='ocrx_word' id='word_1_315' title='bbox 1394 1939 1638 1983; x_wconf 78' lang='lat' dir='ltr'><strong>adulescentis,</strong></span> <span class='ocrx_word' id='word_1_316' title='bbox 1664 1941 1722 1985; x_wconf 92' lang='lat' dir='ltr'><strong>qui</strong></span> <span class='ocrx_word' id='word_1_317' title='bbox 1750 1948 1811 1975; x_wconf 87' lang='lat' dir='ltr'><strong>nos</strong></span> 
     </span>
     <span class='ocr_line' id='line_1_32' title="bbox 153 1997 1809 2045; baseline 0 -11"><span class='ocrx_word' id='word_1_318' title='bbox 153 1998 198 2033; x_wconf 84' lang='lat' dir='ltr'><strong>ad</strong></span> <span class='ocrx_word' id='word_1_319' title='bbox 224 1999 494 2034; x_wconf 89' lang='lat' dir='ltr'><strong>misericordiam</strong></span> <span class='ocrx_word' id='word_1_320' title='bbox 522 2002 631 2043; x_wconf 91' lang='lat' dir='ltr'><strong>vocat,</strong></span> <span class='ocrx_word' id='word_1_321' title='bbox 657 1998 827 2044; x_wconf 91' lang='lat' dir='ltr'><strong>simulque</strong></span> <span class='ocrx_word' id='word_1_322' title='bbox 852 1997 957 2033; x_wconf 89' lang='lat' dir='ltr'><strong>fidem</strong></span> <span class='ocrx_word' id='word_1_323' title='bbox 983 1997 1076 2042; x_wconf 86' lang='lat' dir='ltr'><strong>facit,</strong></span> <span class='ocrx_word' id='word_1_324' title='bbox 1102 2010 1139 2034; x_wconf 93' lang='lat' dir='ltr'><strong>se</strong></span> <span class='ocrx_word' id='word_1_325' title='bbox 1165 1998 1272 2033; x_wconf 90' lang='lat' dir='ltr'><strong>talem</strong></span> <span class='ocrx_word' id='word_1_326' title='bbox 1299 1998 1370 2033; x_wconf 85' lang='lat' dir='ltr'><strong>fore</strong></span> <span class='ocrx_word' id='word_1_327' title='bbox 1397 1999 1518 2043; x_wconf 87' lang='lat' dir='ltr'><strong>virum,</strong></span> <span class='ocrx_word' id='word_1_328' title='bbox 1545 2011 1648 2045; x_wconf 92' lang='lat' dir='ltr'><strong>quem</strong></span> <span class='ocrx_word' id='word_1_329' title='bbox 1675 2003 1809 2045; x_wconf 79' lang='lat' dir='ltr'><strong>praete-</strong></span> 
     </span>
     <span class='ocr_line' id='line_1_33' title="bbox 152 2057 1811 2104; baseline 0.001 -12"><span class='ocrx_word' id='word_1_330' title='bbox 152 2058 296 2094; x_wconf 86' lang='lat' dir='ltr'><strong>ritorum</strong></span> <span class='ocrx_word' id='word_1_331' title='bbox 322 2071 474 2094; x_wconf 87' lang='lat' dir='ltr'><strong>errorum</strong></span> <span class='ocrx_word' id='word_1_332' title='bbox 503 2059 654 2104; x_wconf 90' lang='lat' dir='ltr'><strong>pudebit.</strong></span> <span class='ocrx_word' id='word_1_333' title='bbox 706 2058 935 2101; x_wconf 87' lang='lat' dir='ltr'><strong>Adulescens,</strong></span> <span class='ocrx_word' id='word_1_334' title='bbox 961 2057 1044 2092; x_wconf 89' lang='lat' dir='ltr'><strong>olim</strong></span> <span class='ocrx_word' id='word_1_335' title='bbox 1073 2058 1158 2092; x_wconf 87' lang='lat' dir='ltr'><strong>virili</strong></span> <span class='ocrx_word' id='word_1_336' title='bbox 1194 2058 1391 2102; x_wconf 70' lang='lat' dir='ltr'><strong>ilige11i0‚³³)</strong></span> <span class='ocrx_word' id='word_1_337' title='bbox 1423 2071 1517 2094; x_wconf 90' lang='lat' dir='ltr'><strong>nunc</strong></span> <span class='ocrx_word' id='word_1_338' title='bbox 1542 2063 1724 2104; x_wconf 87' lang='lat' dir='ltr'><strong>corruptus</strong></span> <span class='ocrx_word' id='word_1_339' title='bbox 1750 2063 1811 2094; x_wconf 84' lang='lat' dir='ltr'><strong>est.</strong></span> 
     </span>
     <span class='ocr_line' id='line_1_34' title="bbox 152 2114 1811 2163; baseline 0.001 -12"><span class='ocrx_word' id='word_1_340' title='bbox 152 2116 308 2152; x_wconf 89' lang='lat' dir='ltr'><strong>Primum</strong></span> <span class='ocrx_word' id='word_1_341' title='bbox 335 2117 488 2153; x_wconf 90' lang='lat' dir='ltr'><strong>desidiae</strong></span> <span class='ocrx_word' id='word_1_342' title='bbox 514 2129 550 2153; x_wconf 92' lang='lat' dir='ltr'><strong>se</strong></span> <span class='ocrx_word' id='word_1_343' title='bbox 576 2117 681 2161; x_wconf 90' lang='lat' dir='ltr'><strong>dedit,</strong></span> <span class='ocrx_word' id='word_1_344' title='bbox 707 2128 796 2162; x_wconf 87' lang='lat' dir='ltr'><strong>quae</strong></span> <span class='ocrx_word' id='word_1_345' title='bbox 823 2116 868 2151; x_wconf 90' lang='lat' dir='ltr'><strong>ad</strong></span> <span class='ocrx_word' id='word_1_346' title='bbox 894 2128 1025 2152; x_wconf 88' lang='lat' dir='ltr'><strong>errores</strong></span> <span class='ocrx_word' id='word_1_347' title='bbox 1050 2128 1129 2151; x_wconf 91' lang='lat' dir='ltr'><strong>eum</strong></span> <span class='ocrx_word' id='word_1_348' title='bbox 1157 2128 1302 2152; x_wconf 89' lang='lat' dir='ltr'><strong>avocare</strong></span> <span class='ocrx_word' id='word_1_349' title='bbox 1327 2114 1458 2163; x_wconf 83' lang='lat' dir='ltr'><strong>coepit3</strong></span> <span class='ocrx_word' id='word_1_350' title='bbox 1485 2117 1610 2163; x_wconf 89' lang='lat' dir='ltr'><strong>quibus</strong></span> <span class='ocrx_word' id='word_1_351' title='bbox 1641 2117 1811 2153; x_wconf 83' lang='lat' dir='ltr'><strong>erroribus</strong></span> 
     </span>
     <span class='ocr_line' id='line_1_35' title="bbox 153 2173 1811 2224; baseline 0.001 -12"><span class='ocrx_word' id='word_1_352' title='bbox 153 2181 285 2223; x_wconf 87' lang='lat' dir='ltr'><strong>captus,</strong></span> <span class='ocrx_word' id='word_1_353' title='bbox 312 2173 420 2213; x_wconf 83' lang='lat' dir='ltr'><strong>etiam</strong></span> <span class='ocrx_word' id='word_1_354' title='bbox 444 2178 559 2224; x_wconf 89' lang='lat' dir='ltr'><strong>pravis</strong></span> <span class='ocrx_word' id='word_1_355' title='bbox 585 2178 711 2213; x_wconf 87' lang='lat' dir='ltr'><strong>amoris</strong></span> <span class='ocrx_word' id='word_1_356' title='bbox 737 2177 936 2212; x_wconf 89' lang='lat' dir='ltr'><strong>libidinibus</strong></span> <span class='ocrx_word' id='word_1_357' title='bbox 963 2177 1105 2212; x_wconf 88' lang='lat' dir='ltr'><strong>omnino</strong></span> <span class='ocrx_word' id='word_1_358' title='bbox 1132 2176 1178 2211; x_wconf 87' lang='lat' dir='ltr'><strong>ad</strong></span> <span class='ocrx_word' id='word_1_359' title='bbox 1203 2176 1365 2211; x_wconf 87' lang='lat' dir='ltr'><strong>inertiam</strong></span> <span class='ocrx_word' id='word_1_360' title='bbox 1388 2181 1423 2212; x_wconf 88' lang='lat' dir='ltr'><strong>et</strong></span> <span class='ocrx_word' id='word_1_361' title='bbox 1438 2177 1634 2223; x_wconf 78' lang='lat' dir='ltr'><strong>voluptates</strong></span> <span class='ocrx_word' id='word_1_362' title='bbox 1661 2177 1811 2223; x_wconf 89' lang='lat' dir='ltr'><strong>corporis</strong></span> 
     </span>
     <span class='ocr_line' id='line_1_36' title="bbox 153 2235 1811 2284; baseline 0 -12"><span class='ocrx_word' id='word_1_363' title='bbox 153 2237 397 2282; x_wconf 87' lang='lat' dir='ltr'><strong>pessumdatus</strong></span> <span class='ocrx_word' id='word_1_364' title='bbox 428 2238 545 2282; x_wconf 72' lang='lat' dir='ltr'><strong>“est.²⁴)</strong></span> <span class='ocrx_word' id='word_1_365' title='bbox 598 2237 702 2284; x_wconf 84' lang='lat' dir='ltr'><strong>Quod</strong></span> <span class='ocrx_word' id='word_1_366' title='bbox 741 2236 899 2283; x_wconf 87' lang='lat' dir='ltr'><strong>quamvis</strong></span> <span class='ocrx_word' id='word_1_367' title='bbox 925 2235 1107 2282; x_wconf 78' lang='lat' dir='ltr'><strong>intellegat</strong></span> <span class='ocrx_word' id='word_1_368' title='bbox 1133 2247 1281 2281; x_wconf 89' lang='lat' dir='ltr'><strong>eumque</strong></span> <span class='ocrx_word' id='word_1_369' title='bbox 1308 2248 1413 2282; x_wconf 84' lang='lat' dir='ltr'><strong>saepe</strong></span> <span class='ocrx_word' id='word_1_370' title='bbox 1439 2237 1654 2283; x_wconf 87' lang='lat' dir='ltr'><strong>poenitentia</strong></span> <span class='ocrx_word' id='word_1_371' title='bbox 1679 2237 1811 2280; x_wconf 78' lang='lat' dir='ltr'><strong>subeat,</strong></span> 
     </span>
     <span class='ocr_line' id='line_1_37' title="bbox 152 2295 1808 2343; baseline 0 -11"><span class='ocrx_word' id='word_1_372' title='bbox 152 2308 271 2332; x_wconf 88' lang='lat' dir='ltr'><strong>omnes</strong></span> <span class='ocrx_word' id='word_1_373' title='bbox 297 2309 444 2343; x_wconf 84' lang='lat' dir='ltr'><strong>angores</strong></span> <span class='ocrx_word' id='word_1_374' title='bbox 471 2298 700 2333; x_wconf 89' lang='lat' dir='ltr'><strong>conscientiae</strong></span> <span class='ocrx_word' id='word_1_375' title='bbox 721 2297 961 2342; x_wconf 89' lang='lat' dir='ltr'><strong>cruciatusque</strong></span> <span class='ocrx_word' id='word_1_376' title='bbox 988 2295 1102 2331; x_wconf 90' lang='lat' dir='ltr'><strong>subito</strong></span> <span class='ocrx_word' id='word_1_377' title='bbox 1130 2296 1270 2340; x_wconf 83' lang='lat' dir='ltr'><strong>abeunt,</strong></span> <span class='ocrx_word' id='word_1_378' title='bbox 1298 2309 1377 2332; x_wconf 90' lang='lat' dir='ltr'><strong>cum</strong></span> <span class='ocrx_word' id='word_1_379' title='bbox 1404 2296 1654 2333; x_wconf 88' lang='lat' dir='ltr'><strong>Philomatium</strong></span> <span class='ocrx_word' id='word_1_380' title='bbox 1674 2298 1709 2332; x_wconf 89' lang='lat' dir='ltr'><strong>in</strong></span> <span class='ocrx_word' id='word_1_381' title='bbox 1728 2309 1808 2333; x_wconf 88' lang='lat' dir='ltr'><strong>con-</strong></span> 
     </span>
     <span class='ocr_line' id='line_1_38' title="bbox 153 2355 1809 2403; baseline 0.001 -12"><span class='ocrx_word' id='word_1_382' title='bbox 153 2360 309 2401; x_wconf 88' lang='lat' dir='ltr'><strong>spectum</strong></span> <span class='ocrx_word' id='word_1_383' title='bbox 336 2357 439 2392; x_wconf 87' lang='lat' dir='ltr'><strong>venit.</strong></span> <span class='ocrx_word' id='word_1_384' title='bbox 492 2357 565 2392; x_wconf 84' lang='lat' dir='ltr'><strong>Iste</strong></span> <span class='ocrx_word' id='word_1_385' title='bbox 582 2369 680 2392; x_wconf 87' lang='lat' dir='ltr'><strong>amor</strong></span> <span class='ocrx_word' id='word_1_386' title='bbox 697 2356 844 2392; x_wconf 91' lang='lat' dir='ltr'><strong>hominis</strong></span> <span class='ocrx_word' id='word_1_387' title='bbox 863 2355 1104 2400; x_wconf 90' lang='lat' dir='ltr'><strong>adulescentis,</strong></span> <span class='ocrx_word' id='word_1_388' title='bbox 1122 2356 1294 2402; x_wconf 88' lang='lat' dir='ltr'><strong>imparate</strong></span> <span class='ocrx_word' id='word_1_389' title='bbox 1310 2356 1616 2403; x_wconf 83' lang='lat' dir='ltr'><strong>imprudenterque</strong></span> <span class='ocrx_word' id='word_1_390' title='bbox 1643 2357 1677 2392; x_wconf 91' lang='lat' dir='ltr'><strong>in</strong></span> <span class='ocrx_word' id='word_1_391' title='bbox 1704 2358 1809 2393; x_wconf 88' lang='lat' dir='ltr'><strong>vitam</strong></span> 
     </span>
     <span class='ocr_line' id='line_1_39' title="bbox 153 2415 1808 2463; baseline 0.001 -12"><span class='ocrx_word' id='word_1_392' title='bbox 153 2415 307 2462; x_wconf 86' lang='lat' dir='ltr'><strong>ingressi,</strong></span> <span class='ocrx_word' id='word_1_393' title='bbox 333 2418 402 2463; x_wconf 92' lang='lat' dir='ltr'><strong>qui,</strong></span> <span class='ocrx_word' id='word_1_394' title='bbox 429 2421 468 2453; x_wconf 93' lang='lat' dir='ltr'><strong>ut</strong></span> <span class='ocrx_word' id='word_1_395' title='bbox 493 2430 584 2453; x_wconf 86' lang='lat' dir='ltr'><strong>nova</strong></span> <span class='ocrx_word' id='word_1_396' title='bbox 610 2418 743 2461; x_wconf 89' lang='lat' dir='ltr'><strong>domus,</strong></span> <span class='ocrx_word' id='word_1_397' title='bbox 769 2416 859 2452; x_wconf 89' lang='lat' dir='ltr'><strong>male</strong></span> <span class='ocrx_word' id='word_1_398' title='bbox 886 2415 1132 2452; x_wconf 80' lang='lat' dir='ltr'><strong>administrata</strong></span> <span class='ocrx_word' id='word_1_399' title='bbox 1158 2428 1181 2451; x_wconf 87' lang='lat' dir='ltr'><strong>a</strong></span> <span class='ocrx_word' id='word_1_400' title='bbox 1205 2416 1347 2452; x_wconf 90' lang='lat' dir='ltr'><strong>domino</strong></span> <span class='ocrx_word' id='word_1_401' title='bbox 1373 2429 1436 2452; x_wconf 90' lang='lat' dir='ltr'><strong>suo</strong></span> <span class='ocrx_word' id='word_1_402' title='bbox 1463 2417 1517 2452; x_wconf 91' lang='lat' dir='ltr'><strong>vel</strong></span> <span class='ocrx_word' id='word_1_403' title='bbox 1543 2430 1652 2463; x_wconf 82' lang='lat' dir='ltr'><strong>parva</strong></span> <span class='ocrx_word' id='word_1_404' title='bbox 1677 2421 1808 2463; x_wconf 88' lang='lat' dir='ltr'><strong>tempe-</strong></span> 
     </span>
     <span class='ocr_line' id='line_1_40' title="bbox 153 2474 1813 2521; baseline 0.001 -11"><span class='ocrx_word' id='word_1_405' title='bbox 153 2478 243 2511; x_wconf 88' lang='lat' dir='ltr'><strong>state</strong></span> <span class='ocrx_word' id='word_1_406' title='bbox 269 2476 414 2512; x_wconf 88' lang='lat' dir='ltr'><strong>aedibus</strong></span> <span class='ocrx_word' id='word_1_407' title='bbox 440 2477 510 2513; x_wconf 90' lang='lat' dir='ltr'><strong>suis</strong></span> <span class='ocrx_word' id='word_1_408' title='bbox 537 2480 590 2512; x_wconf 87' lang='lat' dir='ltr'><strong>est</strong></span> <span class='ocrx_word' id='word_1_409' title='bbox 615 2477 789 2521; x_wconf 83' lang='lat' dir='ltr'><strong>convulsa,</strong></span> <span class='ocrx_word' id='word_1_410' title='bbox 815 2476 865 2511; x_wconf 88' lang='lat' dir='ltr'><strong>ita</strong></span> <span class='ocrx_word' id='word_1_411' title='bbox 891 2474 1062 2510; x_wconf 89' lang='lat' dir='ltr'><strong>erroribus</strong></span> <span class='ocrx_word' id='word_1_412' title='bbox 1088 2475 1249 2519; x_wconf 87' lang='lat' dir='ltr'><strong>iactatus,</strong></span> <span class='ocrx_word' id='word_1_413' title='bbox 1287 2476 1440 2511; x_wconf 86' lang='lat' dir='ltr'><strong>maxima</strong></span> <span class='ocrx_word' id='word_1_414' title='bbox 1478 2488 1540 2511; x_wconf 90' lang='lat' dir='ltr'><strong>nos</strong></span> <span class='ocrx_word' id='word_1_415' title='bbox 1579 2476 1813 2512; x_wconf 82' lang='lat' dir='ltr'><strong>misericordia</strong></span> 
     </span>
     <span class='ocr_line' id='line_1_41' title="bbox 153 2534 1810 2583; baseline 0.001 -12"><span class='ocrx_word' id='word_1_416' title='bbox 153 2534 269 2581; x_wconf 86' lang='lat' dir='ltr'><strong>flectit,</strong></span> <span class='ocrx_word' id='word_1_417' title='bbox 296 2537 499 2583; x_wconf 84' lang='lat' dir='ltr'><strong>praesertim</strong></span> <span class='ocrx_word' id='word_1_418' title='bbox 526 2549 604 2572; x_wconf 85' lang='lat' dir='ltr'><strong>culn</strong></span> <span class='ocrx_word' id='word_1_419' title='bbox 631 2537 766 2572; x_wconf 91' lang='lat' dir='ltr'><strong>ieiuniis</strong></span> <span class='ocrx_word' id='word_1_420' title='bbox 792 2535 978 2583; x_wconf 85' lang='lat' dir='ltr'><strong>praeterita</strong></span> <span class='ocrx_word' id='word_1_421' title='bbox 1004 2538 1163 2581; x_wconf 88' lang='lat' dir='ltr'><strong>tempora</strong></span> <span class='ocrx_word' id='word_1_422' title='bbox 1181 2536 1316 2571; x_wconf 93' lang='lat' dir='ltr'><strong>evolvit.</strong></span> <span class='ocrx_word' id='word_1_423' title='bbox 1368 2535 1599 2571; x_wconf 84' lang='lat' dir='ltr'><strong>Excruciatus</strong></span> <span class='ocrx_word' id='word_1_424' title='bbox 1625 2540 1660 2571; x_wconf 89' lang='lat' dir='ltr'><strong>et</strong></span> <span class='ocrx_word' id='word_1_425' title='bbox 1685 2536 1810 2572; x_wconf 90' lang='lat' dir='ltr'><strong>sollici—</strong></span> 
     </span>
     <span class='ocr_line' id='line_1_42' title="bbox 153 2595 1814 2642; baseline 0.001 -12"><span class='ocrx_word' id='word_1_426' title='bbox 153 2598 246 2631; x_wconf 82' lang='lat' dir='ltr'><strong>tatus</strong></span> <span class='ocrx_word' id='word_1_427' title='bbox 273 2596 477 2632; x_wconf 86' lang='lat' dir='ltr'><strong>adulescens</strong></span> <span class='ocrx_word' id='word_1_428' title='bbox 493 2600 566 2631; x_wconf 92' lang='lat' dir='ltr'><strong>tum</strong></span> <span class='ocrx_word' id='word_1_429' title='bbox 584 2597 724 2642; x_wconf 85' lang='lat' dir='ltr'><strong>cogitat,</strong></span> <span class='ocrx_word' id='word_1_430' title='bbox 741 2608 817 2631; x_wconf 92' lang='lat' dir='ltr'><strong>cum</strong></span> <span class='ocrx_word' id='word_1_431' title='bbox 845 2595 918 2630; x_wconf 92' lang='lat' dir='ltr'><strong>eius</strong></span> <span class='ocrx_word' id='word_1_432' title='bbox 944 2606 1058 2630; x_wconf 89' lang='lat' dir='ltr'><strong>mores</strong></span> <span class='ocrx_word' id='word_1_433' title='bbox 1085 2595 1290 2641; x_wconf 87' lang='lat' dir='ltr'><strong>aequalibus</strong></span> <span class='ocrx_word' id='word_1_434' title='bbox 1327 2595 1373 2629; x_wconf 89' lang='lat' dir='ltr'><strong>ad</strong></span> <span class='ocrx_word' id='word_1_435' title='bbox 1399 2595 1605 2630; x_wconf 88' lang='lat' dir='ltr'><strong>imitandum</strong></span> <span class='ocrx_word' id='word_1_436' title='bbox 1633 2596 1814 2641; x_wconf 87' lang='lat' dir='ltr'><strong>exemplar</strong></span> 
     </span>
     <span class='ocr_line' id='line_1_43' title="bbox 153 2654 1519 2703; baseline 0 -12"><span class='ocrx_word' id='word_1_437' title='bbox 153 2656 318 2702; x_wconf 88' lang='lat' dir='ltr'><strong>propositi</strong></span> <span class='ocrx_word' id='word_1_438' title='bbox 344 2656 480 2701; x_wconf 78' lang='lat' dir='ltr'><strong>sunt,2⁶)</strong></span> <span class='ocrx_word' id='word_1_439' title='bbox 507 2656 590 2692; x_wconf 90' lang='lat' dir='ltr'><strong>dum</strong></span> <span class='ocrx_word' id='word_1_440' title='bbox 617 2656 690 2703; x_wconf 89' lang='lat' dir='ltr'><strong>ipse</strong></span> <span class='ocrx_word' id='word_1_441' title='bbox 716 2667 808 2692; x_wconf 88' lang='lat' dir='ltr'><strong>nunc</strong></span> <span class='ocrx_word' id='word_1_442' title='bbox 833 2654 932 2701; x_wconf 75' lang='lat' dir='ltr'><strong>quasi</strong></span> <span class='ocrx_word' id='word_1_443' title='bbox 958 2654 1107 2691; x_wconf 89' lang='lat' dir='ltr'><strong>ludibrio</strong></span> <span class='ocrx_word' id='word_1_444' title='bbox 1133 2654 1335 2691; x_wconf 91' lang='lat' dir='ltr'><strong>libidinibus</strong></span> <span class='ocrx_word' id='word_1_445' title='bbox 1361 2655 1432 2691; x_wconf 90' lang='lat' dir='ltr'><strong>suis</strong></span> <span class='ocrx_word' id='word_1_446' title='bbox 1458 2658 1519 2691; x_wconf 89' lang='lat' dir='ltr'><strong>est.</strong></span> 
     </span>
    </p>
   </div>
   <div class='ocr_carea' id='block_1_3' title="bbox 273 2753 1402 2881">
    <p class='ocr_par' dir='ltr' id='par_1_6' title="bbox 273 2753 1402 2881">
     <span class='ocr_line' id='line_1_44' title="bbox 274 2753 1319 2793; baseline 0 -10"><span class='ocrx_word' id='word_1_447' title='bbox 274 2756 317 2790; x_wconf 83' lang='lat'><strong>¹⁶),</strong></span> <span class='ocrx_word' id='word_1_448' title='bbox 342 2756 373 2790; x_wconf 80' lang='lat'><strong>¹⁶,</strong></span> <span class='ocrx_word' id='word_1_449' title='bbox 399 2756 433 2789; x_wconf 77' lang='grc' dir='ltr'><strong>ι7)</strong></span> <span class='ocrx_word' id='word_1_450' title='bbox 454 2755 514 2784; x_wconf 79' lang='lat' dir='ltr'><strong>loca</strong></span> <span class='ocrx_word' id='word_1_451' title='bbox 535 2755 676 2793; x_wconf 79' lang='lat' dir='ltr'><strong>quaedam</strong></span> <span class='ocrx_word' id='word_1_452' title='bbox 697 2754 789 2783; x_wconf 80' lang='lat' dir='ltr'><strong>Stichi</strong></span> <span class='ocrx_word' id='word_1_453' title='bbox 809 2756 862 2783; x_wconf 76' lang='lat' dir='ltr'><strong>etc.</strong></span> <span class='ocrx_word' id='word_1_454' title='bbox 884 2753 951 2782; x_wconf 83' lang='lat'>344.</span> <span class='ocrx_word' id='word_1_455' title='bbox 974 2754 1140 2789; x_wconf 85' lang='lat'>641—654‚</span> <span class='ocrx_word' id='word_1_456' title='bbox 1164 2754 1230 2783; x_wconf 87' lang='lat'><strong>631.</strong></span> <span class='ocrx_word' id='word_1_457' title='bbox 1254 2754 1319 2783; x_wconf 83' lang='lat'>679.</span> 
     </span>
     <span class='ocr_line' id='line_1_45' title="bbox 274 2793 1402 2831; baseline -0.004 -4"><span class='ocrx_word' id='word_1_458' title='bbox 274 2796 317 2830; x_wconf 79' lang='grc' dir='ltr'><strong>ιι’),</strong></span> <span class='ocrx_word' id='word_1_459' title='bbox 343 2796 386 2831; x_wconf 64' lang='lat'><strong>¹⁹),</strong></span> <span class='ocrx_word' id='word_1_460' title='bbox 409 2795 453 2831; x_wconf 80' lang='lat'><strong>²⁰),</strong></span> <span class='ocrx_word' id='word_1_461' title='bbox 477 2796 521 2831; x_wconf 70' lang='grc' dir='ltr'><strong>ἰ),</strong></span> <span class='ocrx_word' id='word_1_462' title='bbox 545 2796 581 2830; x_wconf 81' lang='lat'><strong>²¹)</strong></span> <span class='ocrx_word' id='word_1_463' title='bbox 602 2794 756 2824; x_wconf 87' lang='lat' dir='ltr'><strong>Trinumns</strong></span> <span class='ocrx_word' id='word_1_464' title='bbox 777 2794 848 2826; x_wconf 85' lang='lat'>712:</span> <span class='ocrx_word' id='word_1_465' title='bbox 870 2793 942 2829; x_wconf 74' lang='lat'>750:</span> <span class='ocrx_word' id='word_1_466' title='bbox 964 2794 1041 2830; x_wconf 84' lang='lat'><strong>505;</strong></span> <span class='ocrx_word' id='word_1_467' title='bbox 1065 2794 1131 2829; x_wconf 74' lang='lat'><strong>636,</strong></span> <span class='ocrx_word' id='word_1_468' title='bbox 1154 2794 1221 2827; x_wconf 83' lang='grc'>451,</span> <span class='ocrx_word' id='word_1_469' title='bbox 1244 2794 1311 2829; x_wconf 71' lang='lat'><strong>474,</strong></span> <span class='ocrx_word' id='word_1_470' title='bbox 1335 2794 1402 2824; x_wconf 76' lang='lat'>689.</span> 
     </span>
     <span class='ocr_line' id='line_1_46' title="bbox 273 2833 940 2881; baseline -0.001 -18"><span class='ocrx_word' id='word_1_471' title='bbox 273 2836 317 2870; x_wconf 80' lang='lat'><strong>²³),</strong></span> <span class='ocrx_word' id='word_1_472' title='bbox 341 2836 386 2870; x_wconf 77' lang='lat'><strong>²⁴),</strong></span> <span class='ocrx_word' id='word_1_473' title='bbox 410 2836 446 2870; x_wconf 76' lang='lat'><strong>²⁵)</strong></span> <span class='ocrx_word' id='word_1_474' title='bbox 467 2835 640 2864; x_wconf 51' lang='lat' dir='ltr'><strong>Mostellaria</strong></span> <span class='ocrx_word' id='word_1_475' title='bbox 666 2835 736 2865; x_wconf 81' lang='lat'><strong>126:</strong></span> <span class='ocrx_word' id='word_1_476' title='bbox 761 2835 832 2865; x_wconf 79' lang='lat'>135:</span> <span class='ocrx_word' id='word_1_477' title='bbox 857 2833 940 2881; x_wconf 57' lang='lat'>1470.</span> 
     </span>
    </p>
   </div>
  </div>
 </body>
</html>
