1951 3040
191 139 249 180 28

189 257 386 291 Plautinae.
418 254 510 301 »Qui
537 255 589 289 vir
614 254 830 289 meretricem
857 254 1034 299 quondam
1062 254 1203 297 amavit,
1229 250 1315 289 811118
1345 250 1508 299 cognovit
1533 253 1667 290 nullam
1693 251 1769 289 rem
1784 254 1860 289 tam

189 315 419 362 perniciosam
445 326 531 351 esse.
1713 308 1717 312 ”

313 375 385 421 Qui
411 375 502 410 enim
530 374 646 418 draco,
673 385 763 420 (111119
790 373 1008 419 ignivomens
1036 372 1235 417 Chimaera,
1253 385 1344 419 quae
1365 368 1573 419 Charybdis,
1598 371 1692 419 quod
1719 371 1859 420 Scyllae

189 435 343 470 triforme
370 438 573 477 monstrum,
600 446 689 479 quae
717 433 873 480 Sphynx,
900 445 989 479 quae
1015 433 1175 479 Harpya,
1201 445 1291 480 quae
1317 432 1454 479 Hydra,
1479 444 1570 478 quae
1587 424 1727 479 viperae
1753 443 1857 467 vene-

190 498 295 529 natae
322 507 363 529 ac
389 493 574 540 pestiferae
601 493 739 537 adsunt,
766 506 856 539 quae
882 493 1001 528 onmia
1043 505 1112 527 non
1152 495 1336 539 exsuperet
1373 491 1557 528 scelestum
1597 503 1708 537 genus
1745 481 1856 527 mere-

192 555 337 599 tricum(
365 554 407 588 In
436 553 555 588 fabula
583 552 718 596 Naevii,
745 565 835 599 quae
863 551 1057 588 Terentilla
1084 552 1292 595 inscribitur⁷
1318 552 1434 596 imago
1460 551 1569 586 durae
1596 551 1729 586 amicae
1754 562 1855 597 prae-

190 613 282 647 clare
308 624 472 658 expressa
498 616 572 647 est:
615 627 617 630 ’

1149 670 1259 717 Quasi
1286 671 1322 705 in
1349 670 1454 706 choro
1479 670 1552 716 pila

194 732 336 767 Ludens
364 732 511 767 datatim
540 732 600 766 dat
627 744 663 766 se
690 735 726 766 et
751 743 972 766 communem
998 731 1081 766 facit

192 790 307 826 Tenet
333 790 441 827 alium
468 790 527 826 alii
554 790 721 833 adnictat,
748 793 785 825 at
810 789 893 825 alibi
919 802 1045 826 manus

192 851 260 886 Est
286 854 459 896 occupata
484 854 519 884 et
545 850 604 884 alii
630 849 788 894 percellit
813 849 947 894 pedem.

194 910 269 945 Alii
296 910 358 944 dat
384 909 539 944 osculum
567 907 839 954 exspectandum
867 908 910 943 (19
939 907 1045 944 labris

192 969 314 1006 Alium
342 971 489 1012 invocat,
516 981 594 1003 cum
623 968 691 1003 alio
718 971 847 1011 cantat,
874 972 1029 1003 attamen
1059 969 1118 1003 alii
1145 969 1206 1003 dat
1232 969 1340 1014 digito
1366 969 1531 1012 literam).

313 1028 351 1064 Si
379 1028 519 1074 quaudo
546 1027 695 1073 pecunia
722 1030 863 1072 arrepta
889 1030 951 1071 est,
979 1028 1072 1062 varie
1099 1028 1324 1063 consumitur.
1364 1027 1455 1064 Cum
1494 1028 1584 1063 aliae
1623 1040 1665 1063 ea
1705 1031 1859 1073 utantur,

192 1093 231 1124 ut
256 1089 402 1124 nitorem
428 1088 464 1122 in
491 1087 587 1123 cultu
614 1088 775 1133 victuque
803 1087 969 1122 maiorem
997 1087 1155 1131 reddant,
1183 1087 1273 1123 aliae
1300 1087 1345 1122 ad
1367 1087 1505 1123 servilia
1531 1088 1614 1123 vitia
1639 1087 1859 1134 procliviores

194 1161 271 1184 eam
299 1149 333 1183 in
360 1147 528 1194 cauponis
555 1151 590 1182 et
616 1147 650 1181 in
679 1146 843 1182 conviviis
870 1146 1041 1192 dissipant
1058 1147 1092 1191 ⁶).

315 1208 510 1253 Utrumque
537 1219 591 1242 res
628 1219 665 1242 se
704 1206 820 1250 habet,
865 1206 1041 1242 sordidum
1086 1211 1140 1243 est
1177 1207 1328 1242 studium
1373 1208 1562 1253 quaerendi
1609 1212 1861 1254 quaestumque

192 1268 402 1303 effundendi.
431 1267 493 1304 Sin
522 1271 640 1302 autem
667 1267 733 1302 hae
761 1267 923 1302 mulieres
950 1271 1137 1303 senescunt
1162 1270 1299 1302 tantum
1326 1267 1435 1312 abest,
1462 1272 1501 1303 ut
1526 1268 1687 1313 quaestui
1721 1268 1860 1304 studere

192 1329 363 1372 desinant,
390 1331 432 1363 ut
455 1327 509 1363 vel
536 1340 617 1362 suas
644 1326 697 1362 vel
724 1330 843 1372 raptas
865 1327 1020 1374 yirgiues
1039 1326 1085 1361 ad
1102 1327 1191 1362 viros
1217 1327 1412 1372 perducant
1438 1328 1589 1377 satiandi
1615 1340 1723 1363 causa
1748 1329 1860 1374 ipsam

192 1388 360 1434 pecuniae
387 1387 595 1432 cupidinem.
624 1386 783 1421 Pravitas
809 1386 877 1421 illis
904 1385 1015 1421 altera
1043 1390 1169 1421 natura
1195 1386 1289 1422 tacta
1314 1390 1375 1423 est.
1416 1386 1565 1422 Belluae
1604 1390 1686 1423 sunt
1711 1387 1860 1433 denique

192 1459 272 1482 vero
299 1450 339 1482 ut
365 1450 505 1482 utamur
530 1445 643 1481 verbo.

312 1507 504 1551 Postquam
532 1506 565 1540 in
595 1506 793 1540 universum
833 1505 1053 1540 meretricum
1093 1518 1219 1541 mores
1245 1506 1499 1552 descripsimus,
1539 1519 1631 1542 nunc
1657 1519 1720 1552 per
1742 1510 1860 1553 partes

191 1567 330 1602 illarum
357 1566 572 1601 conditiones
599 1565 780 1600 tractaturi
808 1577 937 1609 sumus,
964 1577 1033 1611 quo
1061 1564 1186 1600 clarior
1212 1565 1328 1611 imago
1354 1564 1424 1601 fiat.

312 1637 353 1671 In
381 1636 510 1679 fabula,
538 1648 627 1681 quae
656 1635 823 1669 Asinaria
849 1635 1047 1670 inscribitur
1074 1635 1284 1679 Philenium,
1310 1647 1410 1681 quae,
1436 1636 1618 1671 etiamtum
1644 1636 1763 1682 puella
1788 1637 1857 1682 pri-

192 1709 286 1731 nmm
314 1696 347 1730 in
377 1695 554 1741 publicum
581 1695 695 1740 prodit
722 1694 866 1739 exiguas
892 1697 1009 1739 partes
1037 1694 1130 1740 agit3
1158 1694 1219 1729 sed
1238 1695 1273 1729 ni
1292 1693 1530 1741 Argyrippum
1558 1695 1858 1732 vehementissime

192 1759 327 1790 amaret
343 1755 392 1798 ⁷³²),
419 1755 462 1789 de
489 1767 531 1789 ea
558 1758 674 1789 actum
714 1758 814 1798 esset,
854 1754 882 1789 si
910 1758 1099 1800 praecepta
1125 1757 1160 1789 et
1186 1754 1385 1789 admonitus
1422 1753 1624 1790 Cleaeretae
1651 1758 1879 1800 sequeretur.-

194 1815 298 1861 Quod
325 1818 442 1850 autem
481 1814 680 1856 Pbilenium
720 1814 879 1859 concepit
918 1826 1071 1848 amorem
1111 1814 1301 1859 ingenuum
1342 1826 1460 1849 verum
1499 1814 1617 1860 itaque
1659 1827 1783 1859 acrem,
1821 1819 1860 1859 ω

194 1875 399 1920 imperiosae
426 1874 528 1908 matri
556 1873 686 1908 audeat
712 1873 870 1908 resistere
888 1873 938 1918 71’),
980 1873 1024 1908 ab
1051 1873 1191 1909 interitu
1231 1874 1398 1918 detracta,
1438 1886 1550 1909 mores
1579 1875 1729 1910 servavit
1754 1887 1859 1922 puros

193 1935 310 1980 itaque
349 1934 452 1969 inseri
494 1937 608 1979 potest
648 1946 792 1968 numero
832 1933 1116 1979 dignissimarum
1155 1932 1259 1968 huius
1298 1932 1437 1984 ordinis
1453 1933 1647 1969 mulierum.
1681 1934 1740 1970 Ita
1766 1935 1857 1970 enim

194 1995 349 2030 animum
392 2006 607 2029 commovere
651 1994 766 2039 potuit
807 1993 959 2038 Leaena,
1000 1993 1061 2029 illa
1102 1993 1317 2029 nobilissima
1357 1994 1531 2038 meretrix,
1571 2007 1661 2040 quae
1695 1995 1800 2030 etiam
1826 1995 1860 2030 vi

193 2059 442 2090 tormentorum
471 2053 623 2089 adducta
650 2058 767 2088 tamen
794 2054 828 2088 in
857 2054 993 2089 silentio
1021 2054 1221 2100 permansit,
1248 2057 1494 2100 amantemque
1513 2054 1771 2091 adulescentem
1789 2068 1857 2091 non

193 2114 353 2160 prodidit.
381 2114 493 2150 Simili
522 2114 625 2149 modo
652 2114 783 2149 amavit
809 2114 915 2149 etiam
942 2114 1119 2159 quoddam
1153 2118 1304 2149 scortum
1344 2114 1469 2158 nobile,
1509 2115 1606 2150 cuius
1645 2116 1857 2151 mentionem

196 2174 315 2209 Livius
331 2174 356 2217 ⁸)
383 2174 474 2208 facit.

315 2232 426 2268 Aliud
453 2233 649 2279 exemplum
677 2233 828 2268 amantis
867 2233 1058 2268 meretricis
1085 2236 1138 2268 est
1174 2233 1209 2267 in
1236 2232 1365 2276 fabula,
1404 2246 1493 2278 quae
1533 2233 1698 2269 Curculio
1737 2235 1856 2270 inscri-

196 2293 299 2336 bitur,
341 2293 478 2326 nomine
521 2292 733 2335 Planesium,
776 2304 881 2336 quam
926 2292 1025 2326 Lena
1051 2291 1235 2336 quaedam,
1280 2291 1364 2326 nihil
1407 2292 1611 2328 Cleaeretae
1655 2293 1858 2338 concedens,

193 2351 353 2387 custodit.
394 2350 594 2386 Planesium
639 2363 716 2385 cum
758 2350 935 2386 Bacchide
974 2350 1201 2396 Alciphronis
1241 2353 1285 2396 (l.
1314 2353 1373 2396 38)
1400 2353 1591 2398 comparari
1632 2357 1768 2398 potest;
1807 2358 1860 2389 est

194 2412 285 2446 enim
313 2411 433 2445 eodem
462 2411 602 2454 ingenio
630 2414 812 2445 mansueto
840 2410 959 2444 eodem
988 2410 1082 2445 fideli
1109 2410 1235 2454 animo,
1262 2414 1300 2445 ut
1326 2411 1516 2447 etiamtunc
1546 2412 1705 2457 precibus
1733 2416 1859 2453 utatur,

193 2469 318 2515 quibus
345 2469 413 2513 ille,
438 2482 501 2515 pro
529 2482 597 2515 quo
624 2473 732 2515 roget,
760 2469 1022 2515 indignissimus
1049 2473 1102 2505 est
1118 2470 1152 2514 ⁹).

314 2539 410 2575 Vera
437 2539 646 2585 propriaque
673 2543 787 2574 scorta
814 2540 938 2575 ambae
966 2540 1128 2575 mulieres
1154 2544 1236 2576 sunt
1262 2540 1491 2586 Cistellariae,
1518 2543 1553 2577 in
1580 2543 1705 2588 quibus
1732 2544 1860 2589 omnia,

193 2613 283 2646 quae
310 2599 492 2635 Romanae
520 2612 541 2635 a
569 2599 715 2636 Grraecis
743 2600 980 2637 meretricibus
1021 2600 1227 2645 didicerunt,
1267 2601 1404 2637 adsunt.
1446 2602 1583 2648 Spurca
1621 2604 1713 2639 enim
1741 2605 1860 2640 anima

193 2661 291 2705 quasi
319 2660 511 2695 incrustata
550 2664 602 2695 est
641 2664 783 2695 externa
821 2661 1037 2696 amabilitate
1064 2665 1098 2696 et
1140 2662 1322 2696 suavitate.
1361 2662 1418 2696 Ex
1457 2664 1651 2710 praeceptis
1691 2664 1862 2701 maternis

313 2771 337 2801 ⁶)
359 2770 466 2799 fistuli.
490 2771 511 2805 I,
537 2771 560 2805 l,
584 2771 638 2801 20:
663 2771 699 2805 II,
723 2771 769 2800 20.

315 2811 409 2876 30111)γ
425 2810 673 2882 ΑὲἰέὶῖίὲὃζθῙΠ,
700 2811 723 2843 l,
747 2811 799 2845 36;
825 2811 874 2841 111,
898 2811 925 2840 3.

315 2882 338 2909 ²⁴)
361 2867 479 2918 ‹tini—uls
498 2871 531 2919 ⁴V.
543 2868 581 2920 13..
603 2869 652 2918 ι119.
702 2895 753 2906 *Q*
