1951 3040
1795 62 1820 101 5

156 176 211 214 At
234 188 400 215 numerus
425 176 532 213 boum
558 179 633 213 tam
659 164 805 222 exiguus
830 178 916 220 erat,
941 178 982 212 ut
997 187 1068 212 non
1087 176 1178 212 tanti
1196 179 1297 220 esset,
1322 175 1453 214 furtum
1479 175 1593 211 faeere
1618 179 1655 210 et
1679 178 1822 221 propter

157 250 202 274 ea
225 238 261 274 in
281 237 578 284 vituperationem
615 236 805 272 maximam
843 235 969 272 venire.
1009 235 1158 272 Plautus
1196 235 1289 271 enim
1328 247 1408 271 cum
1434 235 1539 270 verba
1578 235 1623 271 ad
1650 247 1822 271 summam

158 310 301 361 caveam
326 297 522 356 spectantia
547 296 659 333 solum
684 295 824 341 faceret,
850 307 964 332 mores
989 296 1085 342 ipsa's
1110 307 1130 331 e
1155 295 1258 342 plebe
1284 295 1441 341 sumpsit.

276 367 375 404 Sicut
400 367 493 403 enim
518 367 554 403 iu
581 366 727 404 Graecis
764 366 891 403 tabulis
929 365 1088 402 homines
1126 368 1265 401 tantum
1304 364 1497 401 humilioris
1535 364 1602 400 loci
1640 365 1733 411 iique
1772 365 1817 401 ab

156 427 255 463 initio
280 426 421 473 quidem
447 430 563 463 sontes
590 429 626 462 et
650 426 722 462 risu
746 426 842 472 digni
868 426 1041 461 maximas
1066 428 1185 471 partes
1211 424 1399 468 habebant,
1425 425 1477 460 ita
1502 425 1608 460 etiam
1645 425 1703 460 ille
1729 425 1822 460 hunc

156 486 336 523 hominum
361 486 517 522 ordinem
543 486 696 530 retinuit,
723 498 792 522 non
818 485 922 522 modo
948 485 1041 532 quod
1068 497 1182 521 mores
1208 489 1244 520 et
1270 485 1387 534 vitam>
1404 484 1610 520 honestioris
1649 485 1725 529 loci,
1752 498 1820 521 non

157 549 197 582 ut
222 545 416 591 Terentius,
442 546 502 592 qui
528 546 683 581 maxima
708 538 958 581 consuetudine
984 548 1060 581 erat
1099 545 1304 580 coniunctus
1343 557 1422 579 011111
1462 544 1701 580 illustrissimis
1740 545 1820 580 viris

156 605 210 640 sui
236 606 412 651 temporis,
438 608 591 649 noverat,
617 617 736 640 verum
763 605 869 640 etiam
895 605 1046 640 maxime
1072 604 1166 650 quod
1197 604 1370 639 intellexit
1408 604 1650 650 perversitates
1677 608 1713 640 et
1738 617 1818 650 pra-

155 664 280 699 vitates
305 664 371 699 nisi
396 664 576 699 hominum
602 664 784 699 humiliore
809 664 886 699 loco
912 668 1074 700 natorum
1100 676 1168 699 non
1197 664 1340 709 impune
1368 663 1528 706 derideri,
1559 663 1817 709 deridendoque

156 723 260 758 etiam
288 723 465 758 emendari
491 726 527 758 et
552 723 675 768 corrigi
701 735 811 769 posse.
851 722 945 758 Nam
985 723 1179 759 cotidianus
1218 735 1301 758 usus
1328 726 1364 758 et
1389 715 1596 758 comercium
1623 735 1702 757 cum
1728 723 1817 768 peri-

156 782 263 827 grinis
289 782 457 828 imprimis
482 782 575 828 plebi
602 782 772 818 damnosa
797 786 906 827 erant⁷
932 795 1022 828 quae
1049 782 1312 818 contemnendis
1339 782 1429 818 vitiis
1449 782 1601 818 assuesci
1627 782 1818 828 oportebat.

274 851 328 888 At
352 865 422 888 11011
447 852 629 888 honestate
671 855 808 888 tantum
852 856 1043 889 commotus
1082 856 1136 888 est
1174 856 1213 888 ut
1251 864 1419 898 personas
1455 864 1474 887 e
1513 852 1615 898 plebe
1655 856 1816 887 sumeret.

156 912 293 949 Recens
319 916 395 948 erat
419 913 588 948 memoria
612 912 765 948 fescenni
790 925 937 948 unorum
964 912 1222 957 Atellanarum,
1261 913 1526 958 satirarumque,
1563 912 1622 958 qui
1648 912 1721 948 ludi
1748 913 1817 948 iam

154 972 283 1019 populo
308 972 446 1019 probati
471 975 588 1017 erant;
615 984 721 1018 quare
748 972 851 1008 etiam
880 972 1028 1008 Plautus
1049 973 1085 1007 in
1103 973 1262 1008 instituta
1288 973 1422 1008 ratione
1448 973 1588 1017 mansit,
1614 973 1817 1018 praesertim

154 1041 233 1067 cum
261 1031 477 1068 Graecorum
503 1033 663 1078 exempla
688 1044 757 1067 non
784 1036 1027 1078 repugnarent.
1056 1032 1128 1068 Sed
1154 1033 1221 1067 iam
1251 1036 1470 1068 transeamus
1496 1033 1543 1067 ad
1569 1032 1816 1067 describendas

153 1091 309 1137 singulas
335 1095 462 1137 partes,
489 1104 530 1127 ac
556 1092 707 1137 primum
734 1092 874 1137 quidem
900 1091 943 1127 de
974 1092 1223 1137 »partibus
1249 1092 1445 1138 primis«
1476 1092 1696 1128 disseramus.

924 1203 948 1254 ξ
979 1199 1041 1245 Π.

275 1299 318 1333 In
346 1299 412 1334 1100
438 1311 581 1334 numero
607 1303 703 1334 sunt:
730 1300 876 1334 servi.

273 1359 392 1394 Mores
418 1371 590 1394 servorum
619 1359 651 1393 in
680 1359 805 1394 fabulis
833 1359 1006 1394 Plautinis
1033 1362 1135 1393 tanta
1161 1363 1243 1394 sunt
1282 1360 1449 1394 varietate
1489 1360 1737 1405 distantiaque,
1777 1366 1816 1395 ut

154 1417 395 1454 difficillimum
423 1418 468 1454 sit
491 1418 639 1462 initium,
665 1418 758 1464 quod
785 1418 958 1464 probetur,
985 1417 1200 1453 describendi
1241 1419 1404 1453 invenire.
1445 1418 1549 1465 Quod
1576 1420 1667 1454 enim
1697 1420 1815 1455 vitium

157 1478 269 1513 facere
295 1479 502 1513 eminentius
529 1478 582 1512 vel
608 1491 711 1523 quam
741 1478 901 1513 virtutem
917 1477 1100 1523 oportuit?
1118 1477 1342 1523 Simplicitas,
1369 1479 1461 1514 mitis
1478 1480 1616 1523 animus
1633 1483 1669 1514 et
1688 1479 1820 1523 hilaris,

156 1537 333 1581 festivitas,
359 1537 522 1581 sollertia,
538 1537 681 1572 lascivia
699 1537 986 1582 pertimescentur
1001 1537 1221 1580 confidentia,
1242 1539 1466 1583 protervitate
1493 1539 1654 1582 versutia,
1681 1539 1816 1573 malitia

156 1597 305 1641 fallacia,
332 1598 382 1632 ita
408 1601 455 1641 ut,
482 1609 561 1632 cum
602 1596 679 1632 aliis
717 1596 850 1632 servilis
889 1597 1025 1631 animus
1064 1602 1201 1642 semper
1226 1597 1416 1641 inhaereat,
1448 1598 1525 1634 aliis
1553 1602 1681 1642 autem,
1708 1599 1814 1634 etiam

156 1656 405 1702 perditissimis,
445 1656 575 1702 aliquid
615 1656 806 1702 patientiae
845 1656 937 1700 insit,
976 1668 1088 1701 neque
1128 1656 1210 1691 boni
1249 1657 1319 1691 sint
1360 1658 1449 1692 servi
1482 1670 1591 1703 neque
1635 1658 1680 1693 ad
1707 1662 1817 1693 extre—

156 1729 251 1752 mum
277 1716 412 1762 perditi.

274 1776 377 1811 Haec
402 1788 532 1821 magna
557 1788 692 1810 morum
719 1776 878 1811 varietas.
904 1780 940 1811 et
965 1776 1080 1818 servis,
1107 1777 1166 1821 qui
1193 1776 1436 1812 describuntur
1462 1777 1496 1811 in
1525 1777 1641 1812 media
1667 1782 1702 1812 et
1729 1790 1818 1813 nova

157 1835 338 1871 comoedia
377 1834 525 1878 Graeca,
565 1838 600 1869 et
639 1834 775 1870 duabus
813 1836 969 1880 personis
996 1836 1032 1869 in
1060 1835 1236 1870 Atellanis
1280 1837 1407 1871 fabulis
1451 1837 1639 1871 maximam
1681 1841 1815 1882 partem

156 1894 310 1929 debetur.
339 1893 374 1929 A
400 1906 498 1929 servo
526 1893 742 1930 Graecorum
769 1898 873 1940 poeta
899 1907 1001 1930 usum
1028 1895 1177 1940 sumpsit
1216 1895 1422 1930 familiarem
1462 1908 1540 1930 011111
1580 1896 1730 1939 domino,
1757 1897 1814 1941 qui

157 1966 224 1988 non
252 1957 328 1989 erat
354 1953 593 1988 Romanorum
620 1966 704 1997 mos,
731 1966 800 1999 quo
827 1953 978 1999 plurima
1006 1966 1181 1989 servorum
1209 1955 1319 1990 80111111
1361 1956 1500 2000 propria
1538 1955 1819 1999 effloresceltant3

156 2013 205 2049 810
231 2026 360 2057 servus,
386 2014 445 2059 qui
472 2013 571 2058 quasi
599 2013 749 2058 armiger
774 2013 892 2049 herilis
931 2013 992 2048 filii
1032 2017 1117 2058 erat,
1156 2015 1312 2050 emunxit
1350 2028 1466 2050 senem
1508 2020 1662 2061 argento,
1704 2017 1817 2051 iuveni

155 2073 320 2108 honorem
348 2073 500 2116 abstulit,
527 2073 704 2107 dominam
731 2073 920 2117 coercebat,
947 2073 1038 2108 filiae
1080 2074 1248 2109 fenestras
1274 2075 1320 2109 ad
1348 2076 1534 2119 nequitiam
1576 2076 1748 2120 patefecit,
1775 2088 1817 2110 ne

155 2133 297 2178 longum
337 2133 473 2177 faciam,
504 2132 569 2168 hoc
608 2133 769 2168 familiari
809 2145 873 2187 usu
912 2145 1030 2169 servus
1070 2132 1250 2179 paullatim
1292 2134 1390 2178 quasi
1430 2138 1545 2169 custos
1584 2134 1673 2180 signi
1713 2135 1817 2169 totius

155 2192 309 2227 familiae
335 2193 447 2227 factus
474 2196 535 2227 est.
815 2203 817 2205 ’

272 2252 330 2286 Ex
356 2252 491 2296 Macco,
518 2252 628 2286 altera
654 2264 802 2297 persona
830 2250 1075 2286 Atellanarum
1102 2251 1250 2286 Plautus
1278 2253 1447 2297 cognovit,
1487 2266 1584 2288 servo
1612 2254 1715 2298 gulae
1741 2266 1810 2288 ser-

155 2311 317 2346 viendum
344 2324 419 2348 esse
445 2315 480 2346 et
505 2311 614 2346 amori
641 2323 808 2355 venere-03
836 2323 877 2346 ex
904 2310 1032 2355 Bucco,
1059 2314 1216 2356 oportere
1243 2324 1321 2346 eum
1349 2324 1423 2347 esse
1445 2312 1715 2356 fraudulentum,
1743 2326 1815 2348 ver-

155 2373 282 2414 sutum,
309 2370 484 2414 callidum,
523 2370 650 2416 agilem
676 2374 712 2405 et
736 2370 919 2415 pernicem.
962 2369 1068 2404 Adde
1106 2371 1201 2415 quod
1240 2374 1345 2416 poeta
1370 2371 1444 2416 ipse
1470 2372 1707 2407 fiuniliaritate
1734 2385 1813 2407 011111

154 2429 294 2465 domino
311 2430 417 2465 etiam
435 2429 543 2465 fidum
560 2430 725 2474 animum,
742 2429 922 2465 voracitati
939 2432 1057 2472 autem
1076 2433 1111 2465 et
1136 2429 1302 2476 perfidiae
1329 2443 1449 2467 omnes
1467 2431 1567 2476 sales,
1594 2444 1696 2467 omne
1715 2445 1815 2467 81111111

155 2489 285 2535 ingenii
312 2502 459 2525 acumen
486 2490 630 2533 addidit,
657 2490 775 2535 itaque
802 2489 924 2533 effecit,
954 2492 1004 2527 .ut
1029 2490 1117 2524 servi
1157 2491 1288 2536 primas
1314 2491 1378 2526 sibi
1403 2495 1520 2537 partes
1547 2492 1816 2537 expostularent.

275 2559 364 2596 Cum
405 2563 522 2596 autem
555 2572 597 2595 ne
623 2559 714 2595 duae
740 2558 880 2605 quidem
906 2571 1076 2605 personae
1117 2559 1271 2595 eiusdem
1313 2560 1448 2605 generis
1488 2560 1557 2595 sint
1582 2561 1818 2607 materiaeque

154 2619 295 2655 ubertas
321 2632 543 2655 cummunem
569 2620 832 2666 descriptionem
861 2632 930 2654 non
957 2619 1130 2664 admittat,
1157 2620 1312 2666 singulas
1337 2620 1533 2656 fabularum
1572 2625 1688 2667 partes
1714 2634 1814 2667 sepa-

154 2678 257 2713 ratim
283 2679 457 2714 malumus
484 2679 675 2724 designare,
702 2691 807 2724 quam
834 2679 936 2713 simul
963 2691 1092 2714 omnes.

273 2737 331 2778 Ac
357 2739 506 2783 primum
533 2739 671 2783 quidem
699 2739 734 2773 in
771 2737 901 2782 fabula,
944 2751 1034 2783 quae
1078 2738 1291 2784 Amphitruo
1333 2742 1485 2782 vocatur,
1530 2739 1677 2775 Plautus
1719 2741 1816 2785 quasi

154 2796 282 2843 stigma
308 2796 432 2843 Macci,
459 2797 608 2836 hominis
635 2797 687 2836 bis
713 2801 833 2842 terque
860 2797 955 2844 stulti
985 2797 1242 2841 Atellanarum,
1276 2810 1373 2833 servo
1406 2798 1515 2833 Sosiae
1541 2799 1723 2844 impressit,
1750 2812 1818 2846 quo
