1951 3040
132 124 187 182 20

130 261 261 293 amant.
296 252 516 302 'Plerumque
558 256 743 292 utilissima
785 256 930 292 consilia
972 255 1109 290 vivendi
1148 254 1244 298 dant,
1266 255 1330 299 qui
1360 253 1427 300 ipsi
1451 264 1618 299 persaepe
1643 252 1798 287 maxima

130 317 249 363 inopia
274 316 408 352 consilii
453 315 662 359 afficiuntur,
703 315 733 351 si
774 314 884 358 factis,
928 313 1021 360 quod
1062 313 1174 349 verbis
1215 316 1288 349 tam
1331 312 1474 361 pulchre
1516 311 1674 355 suadent,
1715 323 1794 357 pro-

132 376 245 411 baturi
272 379 362 411 sunt.
991 379 994 381 ’
1283 408 1290 414 ,

251 435 434 472 Eiusmodi
461 438 514 471 est
537 432 755 482 Periphanes
781 435 817 470 in
843 433 973 478 fabula,
999 445 1089 480 quae
1104 431 1285 479 -Epidicus
1323 430 1529 468 inscribitur.
1570 430 1637 468 Cui
1664 431 1797 479 optima

131 497 277 532 consilia
292 496 334 541 35)
360 497 564 542 integraque
582 499 618 530 et
635 499 730 531 certa
755 495 844 530 ratio
871 494 980 536 adest,
1006 494 1314 540 quotienscumque
1332 492 1408 527 aliis
1426 491 1637 538 persuadeat
1656 504 1796 528 necesse

131 559 203 600 est;
231 560 268 592 at
293 556 367 602 ipse
394 568 531 602 semper
556 555 749 601 percutitur
775 554 991 601 pecuniaque
1019 553 1225 599 emungitur.
1254 552 1416 589 Ceterum
1445 551 1605 587 incautus
1637 545 1810 587 minime?

131 628 198 661 que
225 615 436 661 suspiciosus
476 615 638 661 idemque
677 615 770 650 mitis
797 618 832 650 et
857 617 1061 649 mansuetus
1101 626 1206 650 senex
1244 617 1305 657 est,
1332 613 1460 658 quippe
1499 612 1554 647 cui
1581 612 1796 658 Periphanes

133 687 257 710 nomen
286 675 331 710 sit
356 675 392 710 id
420 679 473 711 est
497 675 641 711 illustris
668 687 784 718 seneX,
810 674 869 719 qui
896 673 1154 708 adulescentem
1181 685 1218 709 se
1245 673 1413 718 gloriatur
1450 671 1657 707 militaribus
1695 672 1796 707 factis

132 734 262 769 famam
289 738 324 769 et
350 734 488 770 divitias
527 735 592 770 sibi
631 745 774 781 parasse
790 734 832 777 36)
873 732 992 779 populi
1035 732 1215 768 sententiis
1251 732 1387 767 laudari
1429 731 1550 767 solitus
1564 731 1615 776 ²⁷).
1656 730 1797 767 Scilicet

131 793 264 829 iuvenis
291 793 403 829 solum
430 794 558 830 talibus
585 794 684 830 bonis
711 793 842 829 artibus
869 805 951 828 usus
979 796 1051 836 est3
1078 792 1171 827 enim
1197 804 1278 828 vero
1306 804 1398 828 nunc
1424 791 1614 827 stoliditate
1650 791 1796 837 insignis

131 857 193 897 est,
229 853 324 899 quod
350 854 471 889 vitium
498 855 652 889 maxima
690 857 788 899 parte
815 865 857 887 ex
895 852 969 887 eius
1005 852 1120 887 minus
1157 852 1341 887 commoda
1377 850 1541 896 loquendi
1580 850 1796 886 abundantia

131 917 291 949 exortum
317 917 378 949 est.
418 913 506 949 Eius
545 913 738 959 loquacitas
777 912 1027 948 audacissimas
1066 912 1344 958 comparationes
1386 912 1621 958 proximorum
1646 911 1794 946 familia-

131 973 289 1019 riumque
303 973 345 1018 33)
372 973 498 1017 habet;
525 974 693 1020 imprimis
720 985 838 1008 servus
863 972 1033 1019 Epidicus
1051 984 1093 1011 ex
1110 971 1178 1007 hac
1204 971 1439 1007 imbecillitate
1466 971 1617 1007 maxima
1644 983 1794 1007 commo-

132 1033 179 1068 da
204 1033 299 1080 capit
315 1033 367 1077 33).

253 1091 377 1136 Simili,
405 1096 442 1128 at
468 1093 664 1128 honestiore
691 1092 794 1127 modo
821 1091 1068 1138 Megaronides
1095 1103 1200 1126 senex
1226 1095 1279 1127 est
1304 1092 1340 1126 in
1367 1091 1494 1136 fabula,
1521 1104 1610 1137 quae
1632 1091 1812 1132 Trinum-v

132 1164 209 1187 mus
236 1151 441 1187 inscribitur.
483 1151 651 1188 Sermone
690 1164 826 1197 semper
863 1154 1043 1197 promptus
1083 1150 1379 1196 corruptissimum
1419 1151 1573 1187 seculum
1607 1152 1798 1187 insectatur

132 1211 274 1256 eiusque
317 1223 430 1247 mores
476 1215 596 1258 turpes
638 1212 860 1257 perditosque
907 1214 1163 1247 commentatur
1209 1223 1337 1256 eosque
1380 1223 1483 1256 quam
1528 1211 1796 1247 correctissimos

132 1271 275 1306 reddere
321 1272 446 1307 studet.
498 1271 548 1307 Et
593 1272 622 1306 is
668 1271 808 1317 quidem
855 1271 973 1306 omnia
1019 1271 1114 1306 clara
1159 1271 1313 1316 loquitur
1358 1283 1564 1317 magnaque,
1611 1271 1670 1306 ubi
1715 1283 1796 1306 vero

132 1331 198 1366 hoc
223 1330 437 1366 monendum
477 1334 538 1374 est,
578 1343 656 1365 eum
698 1331 743 1365 ad
783 1330 969 1365 dicendum
1007 1331 1254 1376 promptiorem
1294 1343 1368 1366 esse
1395 1330 1572 1376 quam-ad
1598 1330 1794 1366 faciendum

133 1391 276 1436 eiusque
323 1390 415 1426 facta
456 1403 477 1425 a
515 1390 616 1426 dictis
667 1390 806 1437 saepius
858 1390 1051 1426 abhorrere.
1103 1390 1203 1426 Inter
1242 1390 1313 1425 alia
1364 1390 1671 1434 animadvertimus
1718 1402 1796 1426 eum

134 1451 273 1486 Callicli
324 1450 511 1495 plurimam
563 1450 711 1485 salutem
764 1450 949 1494 impertire,
1000 1450 1116 1494 priora
1166 1450 1272 1494 igitur
1322 1450 1437 1493 verba,
1480 1462 1559 1485 cum
1601 1450 1643 1485 de
1686 1450 1797 1485 amico

134 1510 277 1545 absente
329 1500 535 1544 detrahendi
588 1521 694 1544 causa
744 1508 913 1544 maledice
965 1508 1280 1554 contumelioseque
1332 1508 1476 1544 dixisset
1493 1509 1542 1554 ³⁰),
1579 1509 1625 1544 ad
1650 1509 1798 1544 nihilum

132 1569 277 1605 redacta
304 1581 388 1605 esse.
416 1568 521 1604 Talia
547 1569 638 1604 senis
666 1572 816 1604 ceterum
844 1568 926 1603 boni
945 1568 985 1612 ³¹)
1012 1568 1164 1603 moribus
1205 1581 1273 1604 non
1313 1569 1523 1604 conveniunt
1561 1572 1664 1615 atque
1699 1568 1797 1604 nobis

132 1629 255 1664 maion'
283 1628 463 1664 stomacho
502 1632 585 1663 sunt
626 1628 924 1673 cognoscentibus,
961 1628 1048 1663 haec
1074 1628 1145 1663 sola
1174 1639 1222 1663 ex
1243 1628 1446 1673 garrulitate
1486 1629 1618 1672 exoriri,
1657 1640 1699 1663 ex
1738 1628 1797 1662 illo

132 1689 223 1733 vitio,
250 1688 343 1734 quod
371 1692 423 1724 est
449 1688 628 1723 hominum
656 1700 798 1734 corpore
825 1692 860 1723 et
886 1688 1003 1723 animo
1028 1687 1260 1724 confectorum
1281 1688 1331 1733 ³²).
1359 1688 1565 1725 Commotus
1592 1700 1796 1735 semperque

132 1749 292 1784 turbatus
319 1760 425 1784 senex
452 1760 619 1793 praeceps
645 1751 698 1782 est
725 1748 864 1792 ingenio
890 1749 926 1782 in
952 1749 1056 1791 iram;
1084 1752 1158 1782 tum
1185 1748 1300 1797 modo>
1316 1748 1462 1783 mordax
1479 1749 1520 1792 33)
1563 1749 1666 1783 modo
1693 1748 1795 1783 vehe-

132 1820 230 1843 mens
256 1807 310 1843 vel
336 1808 441 1842 etiam
468 1807 660 1843 malitiosus
687 1811 740 1843 est
757 1807 807 1852 ³⁴).
835 1807 1004 1843 Attamen
1025 1807 1156 1843 amicus
1174 1807 1286 1843 fidelis
1304 1811 1366 1852 est,
1384 1808 1443 1853 qui
1461 1807 1597 1843 etiamsi
1623 1807 1797 1843 interdum

132 1879 202 1902 non
229 1867 319 1911 licet,
345 1871 461 1902 tamen
489 1866 677 1902 familiares
718 1867 869 1901 adiuvat.
910 1866 1095 1902 Pueriliter
1132 1867 1238 1902 ferme
1270 1867 1422 1902 exsultat
1448 1867 1476 1902 si
1503 1867 1587 1913 quid
1612 1867 1795 1903 honestum

133 1939 176 1961 ex
203 1926 276 1962 eius
303 1926 476 1961 sententia
503 1926 666 1970 succedit,
694 1926 739 1961 ad
765 1927 858 1972 quod
885 1926 1104 1962 efficiendum
1131 1927 1283 1962 maximo
1310 1927 1438 1972 gaudio
1465 1926 1600 1962 accedit
1612 1927 1664 1971 ³⁵).

253 1985 370 2021 Philto
397 1997 503 2021 senex
529 1986 683 2021 eiusdem
708 1986 857 2030 fabulae,
876 1998 980 2031 quam
1007 1986 1163 2032 proxime
1189 1987 1466 2030 memoravimus,
1496 1998 1596 2021 suam
1621 1987 1797 2033 propriam

133 2045 418 2082 consuetudinem
445 2045 560 2081 habet.
589 2045 626 2082 Is
653 2058 675 2081 a
700 2046 834 2081 familia
874 2045 1070 2082 Stoicorum
1110 2046 1282 2092 profectus
1322 2058 1396 2082 esse
1432 2046 1577 2083 videtur.
1616 2046 1797 2083 Honestus

133 2106 226 2141 enim
252 2109 313 2149 est,
340 2117 470 2151 magna
497 2106 669 2151 gravitate
687 2109 722 2140 et
749 2106 940 2141 severitate.
968 2105 1021 2141 At
1041 2107 1070 2141 is
1089 2106 1228 2152 quidem
1254 2106 1350 2141 haud
1377 2106 1478 2140 aliter
1503 2109 1607 2154 atque
1634 2107 1798 2153 aequales

131 2165 317 2210 fabulatur,
344 2166 408 2201 etsi
435 2166 696 2202 consuetudinis
734 2170 862 2210 aestus,
889 2179 958 2214 quo
998 2166 1137 2213 plurimi
1176 2179 1275 2203 senes
1301 2166 1346 2202 ad
1374 2166 1539 2202 stultitias
1578 2167 1796 2214 ineptiasque

132 2226 325 2272 rapiuntur,
352 2237 431 2260 eum
458 2238 527 2260 non
555 2226 726 2261 absorbet.
755 2226 905 2261 Ratione
932 2239 996 2262 sua
1023 2226 1159 2261 dicendi
1186 2239 1309 2261 ansam
1336 2238 1405 2261 non
1432 2226 1575 2272 praebet
1613 2227 1795 2273 reprehen-

132 2286 249 2330 sionis,
268 2298 347 2321 cum
373 2285 418 2320 ad
445 2286 626 2321 scientiam
653 2285 840 2321 multarum
868 2298 983 2322 rerum
1010 2287 1194 2322 accesserit
1219 2287 1391 2322 maximus
1417 2298 1510 2322 usus.

254 2345 372 2380 Multa
392 2357 471 2380 cum
498 2346 615 2380 animo
642 2357 704 2381 suo
731 2346 862 2390 cogitat
880 2346 939 2389 ³⁶);
966 2346 1125 2391 quotiens
1152 2349 1269 2381 autem
1306 2346 1412 2381 verba
1449 2345 1532 2380 facit
1558 2358 1694 2392 semper
1718 2359 1797 2382 eum

132 2405 288 2441 videmus
314 2405 499 2440 honestum
518 2405 569 2449 ³⁷),
596 2417 737 2450 gravem
764 2409 799 2440 et
825 2417 981 2441 severum
1008 2417 1125 2441 senem
1144 2405 1193 2449 ⁸⁵).

215 2501 218 2503 ,
251 2466 309 2500 Ex
334 2465 388 2500 his
427 2465 595 2511 exemplis
634 2465 736 2500 facile
762 2466 976 2511 intellegitur
1014 2469 1154 2511 poetam
1194 2478 1263 2500 non
1290 2465 1325 2500 id
1352 2464 1464 2500 solum
1504 2466 1684 2511 cogitasse,
1710 2478 1794 2512 quo-

132 2525 236 2562 modo
262 2525 470 2571 produceret
511 2537 611 2561 senes
652 2525 785 2569 stultos,
825 2538 971 2571 quorum
1011 2525 1294 2571 perve1sitatibus
1336 2525 1442 2561 risum
1482 2537 1608 2560 eaveae
1634 2529 1796 2562 moveret.

132 2585 281 2620 Habent
307 2597 371 2619 sua
397 2585 482 2619 vitia
508 2597 618 2628 senes,
646 2589 683 2620 at
709 2585 796 2620 haec
822 2586 927 2620 etiam
960 2586 1004 2619 ab
1044 2585 1122 2620 aliis
1163 2585 1397 2630 scriptoribus,
1436 2588 1476 2619 ut
1502 2597 1523 2619 a
1550 2585 1716 2621 Cicerone
1743 2586 1797 2621 vel

133 2643 373 2691 Xenophonte
400 2644 576 2691 descripta
602 2651 692 2680 sunt.
721 2644 839 2680 Plauti
866 2648 941 2680 erat
967 2644 1112 2689 efficere,
1139 2648 1178 2681 ut
1204 2657 1309 2691 quam
1328 2644 1518 2687 *minimum
1545 2646 1685 2692 propria
1711 2646 1796 2682 vitia

133 2706 233 2740 bonis
266 2704 409 2740 senibus
436 2708 600 2739 nocerent
626 2716 876 2750 consessusque
903 2705 1135 2751 spectantium
1162 2705 1533 2740 oblectaretur-contra
1560 2706 1670 2741 malos
1697 2718 1796 2741 senes

252 2817 296 2851 ²⁵),
320 2816 364 2851 ²⁶),
389 2816 433 2850 37),
457 2816 501 2850 ²⁸),
525 2816 561 2848 39)
583 2814 718 2852 Epidicus
740 2814 806 2849 382,
830 2815 897 2849 4243
920 2815 986 2850 441;
1010 2815 1076 2850 516;
1099 2815 1165 2850 307,
1189 2815 1256 2850 308;
1279 2815 1346 2850 309,
1369 2814 1436 2843 310.

252 2856 297 2890 ⁹⁰),
320 2856 365 2889 ⁸¹),
389 2856 433 2889 ⁸¹),
457 2856 501 2889 ⁸³),
525 2856 569 2890 ³⁴),
594 2855 629 2887 35)
651 2854 834 2882 Trimnmuns
856 2854 903 2889 433
926 2854 972 2884 48:
998 2855 1161 2885 169-198:
1183 2854 1250 2884 423:
1274 2854 1340 2883 760;
1363 2854 1528 2885 770-820.

253 2896 297 2930 ³⁶),
322 2895 366 2930 37),
391 2896 427 2930 33)
448 2894 632 2925 Trinunnnns
653 2894 720 2929 2792
744 2893 810 2929 3302
834 2894 901 2923 448.
