1951 3040
1713 105 1767 146 37

108 268 111 270 Ι
204 230 207 231 ’
231 217 447 265 Astaphium
472 219 584 265 magis
610 223 663 255 est
688 219 817 255 ancilla
841 219 963 256 fidelis·
980 231 1086 267 quam
1124 209 1216 256 lena.¹
1253 220 1397 256 Etenim
1423 233 1525 256 suum
1551 220 1772 256 commodum

109 280 228 313 astuta
253 289 445 324 numquam
470 278 633 325 neglegit,
658 280 817 325 quamvis
842 280 1005 316 dominae
1030 283 1172 326 spectet,
1198 280 1307 316 nihilo
1333 280 1448 316 'minus
1486 281 1580 316 socia
1605 283 1659 316 est
1683 279 1768 316 fide—

109 335 243 372 lissima
267 348 413 383 casuum
438 337 601 374 dominae
618 338 669 382 ¹⁷).
853 334 862 343 ‘
1145 370 1148 372 .

228 395 413 433 Melaenis
428 397 560 444 optima
585 397 688 434 huius
715 398 849 444 generis
875 398 1059 434 mulierum
1096 402 1197 443 esset,
1236 399 1292 435 cui
1330 399 1492 436 clariores
1517 403 1634 446 partes
1660 399 1764 436 desti-

109 458 215 490 natae
239 459 332 500 sunt,
350 456 423 491 -nisi
449 457 538 498 servi
563 457 737 492 sententia
753 457 794 502 ¹⁸)
833 461 924 493 esset
952 462 1024 493 tam
1063 458 1204 502 discors,
1230 463 1270 493 ut
1294 459 1400 494 etiam
1428 459 1472 494 de
1497 471 1549 503 ea,
1576 471 1666 504 quae
1692 459 1768 494 sola

109 514 275 560 pietatem
302 526 398 561 erga-
410 514 536 552 liberos
561 519 727 561 praestat,
754 527 824 552 non
849 516 951 552 nimis
977 517 1064 553 bene
1090 517 1314 553 iudicandum
1340 518 1393 553 sit.

870 627 894 679 ξ
925 624 1009 671 XI.

230 720 353 767 coqui,
379 720 625 769 sycophantae,
651 722 818 767 danistae,
845 723 977 759 medici.

229 782 342 828 Ooqui
367 782 574 827 meretrices,
600 783 743 828 parasiti
769 783 836 819 tria
861 783 1080 819 firmamenta
1118 788 1209 828 sunt,
1246 797 1336 830 quae
1362 784 1510 819 fulciunt
1535 788 1570 820 et
1595 785 1766 820 sustinent

108 842 292 878 Plautinas
318 841 455 877 fabulas
481 842 572 877 sicut
587 842 737 877 mediam
759 843 972 878 comoediam
999 843 1225 880 Graecorum.
1253 844 1373 879 Etiam
1400 844 1526 879 nostris
1551 844 1763 889 temporibus

107 902 142 937 111
169 902 277 938 Italia
301 902 461 937 inferiore
488 901 625 937 culinae
650 902 834 948 populares
860 903 896 938 in
921 903 1059 949 publico
1085 907 1175 939 sunt.
1218 903 1305 939 Ideo
1331 916 1401 939 non
1427 903 1554 939 mirum
1580 906 1642 947 est,
1668 903 1761 949 quod

108 962 209 1007 coqui
235 973 404 1007 personae
430 960 590 1007 publicae
616 961 698 996 olim
725 965 832 997 erant.
873 962 923 997 Ut
948 966 1105 1008 tempora
1142 963 1471 1009 praetermittamus,
1509 962 1635 1008 quibus
1660 962 1761 1008 coqui

107 1021 150 1057 τά
175 1020 288 1057 πάντα
314 1021 436 1057 domus
463 1020 646 1056 Romanae
672 1024 792 1065 erant,
807 1021 1019 1058 callidissimi
1045 1021 1194 1058 artifices
1233 1022 1390 1058 fallacias
1429 1021 1668 1068 componendi,
1693 1021 1764 1057 iam

107 1080 226 1116 Plauti
251 1080 465 1126 temporibus
491 1080 650 1116 omnibus
676 1080 743 1116 illis
771 1081 901 1117 artibus
928 1085 1028 1117 erant
1053 1082 1220 1125 exornati,
1259 1081 1384 1126 quibus
1420 1080 1562 1126 quando
1592 1081 1761 1116 excellen-

107 1140 176 1175 tius
199 1152 238 1190 ‘se
265 1152 384 1185 gerere
410 1139 606 1175 studebant.

222 1199 349 1244 -Coquo
375 1202 411 1234 et
436 1211 533 1234 servo
559 1199 719 1234 Romano
745 1200 868 1235 eadem
893 1200 1043 1245 placent.
1071 1199 1110 1235 Si
1136 1200 1277 1244 ingenia
1303 1211 1491 1244 coquorum
1512 1200 1548 1234 in
1575 1199 1761 1235 comoediis

106 1262 305 1304 spectamus
331 1270 353 1293 a
378 1258 484 1293 servis
511 1270 578 1293 11011
606 1258 741 1293 differre
768 1258 947 1302 videntur3
987 1262 1069 1293 sunt
1093 1258 1186 1293 enim
1203 1263 1206 1266 ⁴
1224 1261 1359 1293 furaces
1395 1258 1536 1304 quidem
1553 1259 1577 1303 ¹)
1603 1262 1640 1294 et
1664 1270 1760 1294 men-

105 1317 209 1354 daces
235 1330 372 1364 semper
409 1317 547 1363 gloriosi
564 1319 598 1363 ²),
636 1322 818 1364 praeterea
844 1321 879 1354 et
904 1318 1103 1355 scurrilibus
1140 1318 1223 1354 iocis
1249 1318 1342 1354 ultra
1379 1318 1520 1354 modurn
1560 1318 1761 1365 gaudentes.

105 1377 249 1423 Optimo
287 1378 492 1413 commercio
530 1378 691 1414 fruuntur
728 1379 883 1414 omnium
924 1379 1077 1424 partium
1115 1378 1258 1421 domus;
1298 1379 1459 1424 parasitis
1484 1382 1622 1414 tantum
1647 1378 1763 1414 infesti

103 1440 195 1481 sunt,
221 1438 290 1483 qui,
316 1441 356 1473 ut
381 1449 486 1483 supra
512 1437 668 1482 vidimus,
687 1450 764 1473 cum
793 1438 835 1473 iis
851 1437 895 1473 de
921 1437 1119 1483 principatu
1133 1437 1269 1473 culinae
1283 1441 1494 1473 concertant.
1514 1436 1760 1484 Sycophantae

103 1497 259 1532 Plautini
285 1501 376 1540 sunt,
403 1498 461 1542 qui
499 1498 666 1542 pecuniae
708 1510 815 1533 causa
853 1498 972 1532 omnia
1009 1497 1143 1532 scelera
1167 1497 1382 1539 commitunt,
1407 1497 1525 1542 itaque
1550 1500 1760 1532 veteratores

102 1559 185 1590 sunt
209 1558 245 1590 et
269 1553 533 1601 mendaeiloqui,
560 1555 716 1600 falsidici,
742 1555 965 1592 confidentes.
993 1555 1184 1602 Vaniloqui
1211 1558 1293 1591 sunt
1317 1556 1352 1590 in
1379 1554 1613 1591 describendis
1648 1555 1760 1599 rebus,

102 1615 195 1661 quod
222 1616 342 1651 vitium
369 1615 434 1662 ipsi
459 1615 614 1651 fatentur
630 1615 664 1660 ³).
691 1616 804 1652 Iidem
830 1616 985 1651 maxima
1019 1615 1232 1662 procacitate
1271 1618 1361 1650 sunt.
1401 1615 1525 1660 quue
1551 1627 1623 1650 rem
1650 1614 1759 1650 addu-

101 1678 193 1719 cunt,
220 1679 259 1710 ut
283 1675 490 1720 quibusdam
517 1687 701 1720 personam
726 1676 838 1721 ipsam
865 1675 1047 1721 denegent.
1073 1674 1199 1710 Partes
1225 1674 1290 1709 sibi
1308 1678 1482 1720 arrogant,
1508 1674 1633 1719 quibus
1659 1685 1758 1709 num-

102 1746 206 1781 quam
234 1734 330 1780 digni
357 1738 438 1770 sunt
452 1735 486 1779 ⁴),
514 1734 698 1780 omniaque
725 1747 789 1771 sua
814 1734 907 1770 facta
933 1734 1056 1770 fraude
1082 1733 1231 1779 doloque
1258 1734 1475 1769 circumdant
1489 1733 1523 1778 ⁶).

220 1794 383 1840 Denique
409 1795 598 1840 trapezitae
624 1795 678 1830 vel
718 1795 886 1838 danistae,
925 1793 1131 1840 quotidiana
1170 1793 1311 1839 negotia
1348 1793 1509 1839 publicae
1550 1793 1641 1828 vitae
1680 1805 1758 1839 pro-

100 1858 261 1891 curantes
288 1858 323 1890 et
348 1854 472 1890 medici
498 1854 654 1890 Pla-utini
680 1854 894 1895 memorandi
920 1857 1010 1889 sunt.

219 1913 425 1959 Trapezitae
451 1913 661 1949 feneratores
691 1914 900 1949 miserabiles
927 1917 1017 1957 sunt,
1044 1913 1104 1958 qui
1129 1925 1240 1947 annos
1266 1925 1328 1958 pro
1354 1912 1594 1958 magnitudine
1632 1912 1759 1948 fenoris

100 1976 273 2018 reputant.
298 1972 443 2019 Hospiti
470 1973 609 2008 cuidam
630 1977 669 2008 ut
687 1985 809 2008 cenam
835 1972 1035 2018 praebeant,
1064 1972 1211 2007 avaritia
1229 1984 1298 2007 non
1317 1972 1471 2006 admittit
1487 1972 1521 2015 ⁶).
1548 1972 1623 2017 Ipsi
1641 1975 1759 2007 autem

99 2032 239 2068 bibaces
265 2036 347 2068 sunt
372 2037 408 2068 et
433 2045 582 2069 voraces.
611 2033 650 2069 Si
676 2033 753 2079 quis
779 2031 961 2079 pecuniam
999 2035 1159 2067 mutuam
1197 2030 1411 2076 iniquissimo
1449 2030 1566 2066 fenore
1602 2031 1760 2077 sumpsit,

99 2091 159 2126 ubi
185 2091 259 2127 dies
286 2091 441 2126 solvendi
468 2092 576 2136 adest,
613 2092 662 2126 nil
701 2092 897 2138 respiciunt,
938 2091 1153 2134 miserentur,
1197 2090 1377 2136 solumque
1416 2102 1525 2125 unum
1555 2090 1697 2126 verbum
1723 2091 1758 2125 in

99 2163 157 2186 ore
184 2151 333 2186 habent:

724 2228 738 2243 2>
745 2211 877 2246 reddite
903 2213 1087 2255 argentum
1105 2210 1140 2253 ⁷).

100 2269 302 2304 Dummodo
329 2273 446 2304 autem
473 2270 519 2305 ad
556 2270 646 2305 diem
686 2270 944 2316 respondeatur,
984 2281 1103 2304 omnes
1141 2268 1370 2307 contumelias
1410 2268 1602 2313 patiuntur.
1630 2290 1675 2294 -—
1704 2268 1759 2304 Ne

98 2329 199 2374 plura
224 2329 340 2364 miseri
367 2333 449 2365 suut
475 2330 581 2374 avari,
607 2330 710 2364 rudes
737 2330 955 2366 feneratores.
994 2327 1171 2363 Urbanior
1196 2327 1371 2362 fenerator
1397 2331 1450 2362 est
1475 2327 1640 2363 medicus.
1679 2327 1759 2374 Quo

97 2388 193 2424 haud
218 2389 401 2434 quisquam
427 2389 607 2434 gloriosior
632 2393 685 2424 est
710 2390 776 2424 nisi
802 2389 983 2436 parasitus.
1022 2388 1150 2423 Paucis
1189 2387 1301 2422 verbis
1328 2387 1402 2422 eius
1428 2399 1541 2422 mores
1567 2388 1602 2422 in
1630 2387 1758 2432 fabula,

72 2484 75 2486 a
96 2461 185 2494 quae
212 2448 434 2485 Menaechmi
459 2449 666 2494 inscribitur,
693 2450 919 2486 absolvuntur
934 2450 969 2494 Β).
1497 2471 1505 2478 .

1302 2498 1345 2542 V.
1380 2498 1636 2544 nuszbaum.

218 2620 253 2654 ¹⁷)
274 2618 388 2647 Trucul.
410 2619 477 2647 218.

217 2659 253 2694 ¹⁸)
274 2658 382 2688 Cistell.
405 2658 472 2687 395.

218 2699 248 2734 ¹),
271 2699 295 2733 ¹)
316 2697 412 2726 Aulul.
433 2698 471 2733 11,
494 2697 521 2730 4.
545 2697 618 2733 356;
641 2697 693 2747 Ill,
718 2698 742 2733 1,
765 2697 920 2750 l?soo‹lolus
942 2697 1008 2725 885.

215 2739 249 2813 ἕξ,
261 2737 528 2807 ἐὲῖἔέΙΙΡῖἱιῗοίυε
549 2737 623 2773 875;
645 2737 712 2772 936,
733 2737 809 2772 972;
831 2737 898 2766 931.

218 2819 241 2891 2
260 2817 527 2887 ffi‘gffihssiffisg.
