1951 3040
24 194 27 196 -
52 191 56 195 -
79 210 338 269 glde‘mquam
361 204 593 263 pulcherrime
616 203 740 262 potuit,
755 201 861 251 *finxit*
874 213 1033 260 Plautus,
1060 213 1322 251 demonstrandi
1346 225 1464 258 causa,
1490 213 1614 259 qualis,
1631 212 1736 249 fuerit

66 270 313 317 'oliff'noffli‘s
337 278 499 312 matrona
523 273 812 328 Romamuquae
837 277 922 327 tunc
946 278 1019 320 tam
1045 276 1126 310 rara
1151 277 1237 310 erat.

139 332 159 352 ⁴·
196 328 281 373 Iam
299 335 486 378 'Pinacium
510 334 662 380 fabulae,-
686 347 777 382 quae
803 334 946 372 Stichus
964 334 1181 383 inscribitur,
1206 335 1272 370 etsi
1298 346 1368 369 non
1394 338 1448 370 est
1467 337 1542 369 tam
1568 325 1738 379 generosa

81 394 120 435 ac
145 395 286 442 nobilis,
306 399 425 431 tamen
452 395 524 431 suis
548 395 773 430 muliebribus
798 394 920 430 officiis
946 394 1086 440 gaudet.
1116 393 1219 440 Quae
1244 394 1371 429 debeat
1396 394 1534 439 coniugi
1552 393 1618 428 scit
1642 405 1736 428 soro-

82 466 229 502 remque,
254 466 346 500 quae
371 466 440 489 non
468 457 586 489 amato
612 454 684 489 viro
710 454 837 500 nupsit,
864 454 1075 498 cohortatur,
1101 457 1141 489 ut
1158 453 1235 488 illos
1261 465 1383 497 mores,
1410 465 1497 498 quos
1516 454 1603 499 ipsa,
1620 452 1738 498 eligat,

81 530 121 553 ex
146 514 272 561 quibus
297 514 380 550 solis
405 514 665 550 matrimonium
691 513 773 548 felix
800 514 923 549 exoriri
961 514 1071 560 possit
1087 514 1140 558 ³⁰).
1180 513 1274 558 Quid
1314 513 1460 556 fidelius,
1485 512 1568 557 quid
1600 512 1738 557 dignius

80 575 183 622 laude
207 585 313 620 quam
340 573 475 609 Pinacii
501 572 700 618 ingenium!
728 573 847 608 Etiam
874 574 950 619 ipsa
975 577 1028 609 est
1054 585 1135 608 vera
1173 576 1286 607 mater
1323 572 1482 615 familias,
1509 572 1607 607 cuius
1633 571 1736 607 fidem

80 634 164 671 nihil
189 633 366 681 pervincit.

198 693 320 731 Talem
348 696 452 740 poiita
477 693 641 728 feminam
684 694 736 728 sui
775 693 939 739 temporis
981 693 1141 729 reddidit.
1186 692 1282 729 Satis
1325 695 1471 736 constat,
1514 705 1592 728 eum
1632 704 1735 738 quam

80 754 253 791 verissime
280 753 503 799 descripsisse
529 765 572 787 ex
598 753 716 788 multis
755 753 838 788 locis
876 753 981 788 etiam
1021 753 1167 789 aliorum
1207 753 1413 798 scriptorum
1453 753 1506 787 vel
1546 756 1736 798 poetarum.

80 815 135 851 Sic
160 814 251 848 inter
276 810 352 851 alia,
372 812 501 856 Livius,
529 812 662 855 Cicero,
688 812 858 848 Horatius
886 813 1096 848 mentionem
1122 812 1304 848 mulierum
1324 813 1489 856 fecerunt,
1507 813 1625 858 itaque
1652 812 1734 847 Plu-

78 873 228 917 tarchus,
256 872 444 915 Iuvenalis,
471 872 606 907 Plinius
633 875 668 907 et
694 872 829 908 Seneca
854 873 982 907 similes
1009 873 1257 918 descriptiones
1283 873 1517 908 reddiderunt.

556 973 589 1035 ξ’
611 980 693 1025 VI.
727 981 945 1026 Puellae
978 982 1258 1038 ingenuae.

198 1080 254 1115 De
279 1080 450 1125 virginum
476 1079 578 1114 rebus
603 1079 697 1115 haud
726 1079 835 1115 multa
861 1083 942 1115 sunt
967 1080 1151 1115 narranda.
1178 1080 1249 1118 Vix
1270 1082 1360 1115 enim
1384 1086 1608 1117 accreverunt
1633 1086 1668 1116 et
1694 1094 1736 1116 ex

78 1141 176 1177 annis
202 1139 376 1175 infantiae
403 1139 570 1183 exierunt,
597 1152 674 1175 cum
702 1139 893 1186 desponsae
919 1143 1001 1175 sunt
1027 1152 1139 1186 neque
1165 1141 1215 1175 ita
1241 1140 1350 1176 multo
1376 1145 1455 1187 post
1493 1141 1557 1176 sihi
1583 1141 1733 1177 condici-

77 1214 174 1237 onem
203 1201 456 1247 quaesiverunt.
499 1200 609 1235 Breve
636 1204 752 1236 autem
791 1204 928 1246 tempus
966 1202 1090 1236 aetatis
1129 1202 1293 1247 puellaris
1333 1202 1484 1237 ludendo
1510 1207 1545 1237 et
1570 1202 1736 1237 discendo

78 1258 319 1307 consumptum
346 1263 400 1295 est
425 1260 703 1306 dilligentissima
732 1260 878 1305 —quidem
916 1260 1081 1295 custodia.
1123 1260 1249 1296 Modus
1276 1261 1381 1306 igitur
1418 1262 1507 1296 vitae
1534 1274 1611 1296 cum
1639 1263 1735 1297 omni

80 1322 243 1356 varietate
271 1324 414 1364 careret,
440 1323 557 1366 partes
582 1320 764 1365 virginum,
801 1320 967 1365 imprimis
993 1321 1026 1354 in
1055 1321 1240 1356 comoediis
1279 1321 1391 1356 locum
1431 1333 1509 1356 raro
1547 1321 1734 1356 habebant.

77 1381 120 1416 ln
146 1380 273 1415 fabulis
311 1379 486 1414 Plautinis
524 1380 614 1414 duae
652 1379 787 1425 puellae
826 1380 997 1423 ingenuae
1036 1384 1126 1424 sunt,
1165 1393 1236 1415 una
1261 1393 1358 1415 soror
1383 1381 1586 1422 Lesbonici;
1624 1381 1734 1416 altera

78 1441 216 1476 nomine
244 1440 408 1475 Phaedra
436 1439 650 1475 Aululariae.

195 1501 274 1536 Etsi
301 1501 531 1545 inveniuntur,
570 1512 659 1546 quae
687 1500 719 1534 in
748 1512 928 1535 numerum
959 1500 1152 1545 puellarum
1182 1500 1296 1535 venire
1335 1501 1479 1546 possint,
1518 1513 1730 1546 quamquam

80 1573 189 1608 neque
206 1560 451 1596 'meretricibus
478 1572 588 1605 neque
616 1559 749 1593 ancillis
776 1559 1016 1594 attribuendae
1043 1563 1134 1599 sunt,
1160 1559 1256 1594 haud
1283 1564 1398 1594 tamen
1427 1560 1505 1594 illas
1532 1572 1680 1606 reponas
1698 1561 1731 1594 in

80 1633 220 1657 numero
244 1620 484 1666 ingenuarum,
511 1620 593 1665 quia
619 1623 723 1654 antea
761 1619 896 1654 vivendi
936 1619 1058 1654 modus
1098 1632 1165 1654 non
1206 1623 1281 1654 erat
1321 1620 1411 1663 talis,
1450 1620 1563 1665 qualis
1601 1620 1735 1665 puellas

79 1679 246 1724 ingenuas
272 1679 426 1714 decebat.

195 1739 315 1774 Etiam
341 1738 429 1782 illas,
455 1750 541 1784 quas
568 1750 674 1784 supra
699 1738 974 1782 memoravimus,
1001 1738 1089 1773 duas
1116 1738 1252 1784 puellas
1278 1739 1313 1773 in
1341 1751 1446 1774 scena
1473 1752 1542 1774 non
1569 1739 1734 1783 videmus3

82 1810 161 1834 nam
188 1811 270 1834 vera
295 1799 447 1844 ingenua
485 1798 603 1844 puella
640 1801 713 1833 tum
753 1798 891 1833 demum
933 1798 1057 1832 cellam
1100 1798 1241 1832 nutricis
1280 1798 1428 1843 reliquit,
1466 1811 1546 1834 cum
1573 1799 1735 1834 nrritum

84 1861 204 1893 secuta
229 1862 282 1894 est
308 1880 365 1902 —‚
392 1858 572 1893 ambarum
612 1857 763 1892 indolem
805 1861 1034 1903 naturamque
1076 1869 1118 1891 ex
1157 1857 1233 1892 aliis
1273 1858 1512 1902 cognoscimus
1551 1863 1587 1893 ct
1611 1859 1737 1902 sororis

81 1917 218 1962 quidem
264 1868 446 1953 Lesboxici
503 1917 547 1953 ab
586 1917 677 1963 ipso,
700 1917 890 1968 eodemque
933 1920 1037 1962 atque
1075 1929 1096 1951 a
1122 1916 1282 1963 Lysitele,
1321 1918 1380 1963 qui
1419 1918 1469 1953 illi
1500 1930 1649 1964 sponsus
1675 1922 1736 1961 est,

82 1976 220 2014 alterius
246 1981 363 2014 autem
389 1977 572 2013 Phaedrae
600 1977 644 2012 ab
670 1977 845 2013 Eunonia.
874 1976 1093 2012 Adulescens
1120 1976 1287 2023 Lysiteles
1314 1977 1424 2022 docet,
1451 1990 1528 2013 eam
1556 1979 1631 2014 sine
1657 1978 1737 2014 dote

82 2036 142 2072 sibi
168 2038 204 2073 in
231 2038 489 2073 matrimonium
516 2037 711 2073 ducendam
739 2049 813 2072 esse
832 2037 866 2080 ¹).
907 2036 1007 2082 Quae
1046 2049 1099 2072 res
1139 2049 1349 2082 quamquam
1389 2050 1557 2088 magnum
1584 2051 1736 2073 amorem

81 2107 152 2131 esse
179 2097 411 2133 adulescentis
449 2097 658 2133 documento
684 2100 746 2141 est,
773 2108 875 2142 quem
916 2097 1106 2142 ingenuum
1147 2097 1304 2132 iuvenem
1345 2098 1580 2143 cognovimus,
1619 2102 1735 2133 tamen

83 2155 186 2192 illius>
210 2161 345 2204 patrem
387 2158 667 2193 honestissimum
708 2161 744 2192 et
782 2157 1032 2192 nobilissimum
1074 2157 1183 2192 virum
1227 2157 1276 2192 ita
1316 2169 1385 2192 non
1429 2162 1672 2201 commoverat,
1699 2163 1738 2193 ut

85 2217 219 2262 nuptias
245 2218 395 2264 impares
421 2218 645 2264 permitteret,
672 2218 707 2252 ni
735 2217 952 2263 possessione
978 2216 1058 2251 talis
1084 2216 1221 2262 puellae
1247 2216 1359 2251 solida
1375 2221 1410 2252 et
1428 2217 1564 2252 sincera
1589 2217 1736 2253 felicitas

84 2277 321 2313 contineretur.
363 2277 413 2313 At
439 2281 491 2313 est
529 2277 668 2323 quidem
709 2277 827 2323 puella
862 2276 986 2312 nobilis
1025 2280 1059 2311 et
1097 2276 1269 2320 ingenua!
1315 2276 1409 2323 Quid
1436 2278 1529 2312 enim
1557 2277 1735 2324 Lysitilem

84 2337 255 2381 opportuit
292 2349 367 2373 esse
405 2337 512 2373 nobili
554 2341 658 2384 atque
701 2337 888 2373 abstinenti
928 2337 1044 2372 animo
1070 2336 1104 2371 in
1132 2335 1374 2382 Lesbonicum,
1413 2338 1483 2384 qui,
1514 2338 1736 2374 simulacrum

85 2397 204 2433 sororis
243 2401 391 2443 tantum,
429 2398 570 2433 minime
610 2398 735 2443 dignus
775 2401 859 2438 erat,
899 2397 957 2442 qui
983 2396 1062 2432 talis
1089 2397 1221 2432 iuvenis
1260 2398 1393 2433 amicus
1419 2398 1662 2445 appellaretur.
1692 2423 1735 2426 —

87 2453 248 2494 Attamen
295 2459 397 2495 huius
440 2448 732 2503 exacerbationes,
776 2456 1032 2503 obiurgationes
1073 2456 1229 2492 convicia
1271 2457 1480 2503 aequissimo
1520 2459 1637 2493 animo
1662 2459 1737 2503 fert,

85 2518 183 2560 atque
210 2518 297 2554 haee
323 2519 441 2554 omnia
467 2519 545 2553 odia
573 2519 757 2554 Lesbonici
785 2518 1024 2553 honestissimo
1050 2528 1168 2551 amore
1194 2521 1328 2562 pensat.
1365 2517 1507 2563 Quanta
1534 2519 1580 2553 sit
1605 2519 1738 2554 indoles

82 2574 212 2615 puellae
239 2588 379 2612 necesse
418 2580 480 2621 est,
506 2578 534 2611 si
562 2580 698 2612 amator
741 2577 859 2611 omnia
900 2575 1121 2610 incommoda
1163 2575 1386 2619 obliviscitur,
1430 2588 1520 2621 quae
1562 2588 1624 2622 per
1659 2589 1734 2612 eam

84 2639 270 2672 naseuntur
280 2636 288 2671 ἔ

198 2695 289 2731 Cum
314 2695 529 2732 Lesbonicus
555 2696 680 2732 infesto
712 2697 829 2732 animo
867 2696 912 2731 sit
937 2695 972 2730 in
1013 2698 1191 2730 amantem
1230 2696 1402 2740 iuvenem,‘
1436 2708 1572 2731 summa
1609 2697 1738 2742 pietate

84 2754 133 2785 est
156 2755 334 2798 praeditus
360 2768 444 2802 erga
469 2768 621 2792 sororem
647 2769 796 2803 eumque
821 2756 976 2802 poenitet
1001 2755 1103 2800 vitae,
1134 2768 1204 2802 qua
1230 2756 1323 2791 bona
1361 2756 1571 2792 existimatio
1597 2761 1633 2791 et
1658 2770 1738 2802 spes

197 2835 233 2870 ⁸⁰)
254 2835 371 2865 Stichus
391 2835 439 2865 40.

200 2875 221 2909 ¹)
242 2874 425 2905 Trinummus
448 2875 487 2909 11,
511 2875 538 2911 2,
561 2876 613 2905 94:
634 2875 687 2909 111,
710 2876 737 2911 ⁶2,
760 2876 876 2934 55:965,
900 2875 954 2911 87;
978 2875 1029 2906 ΠΙ,
1054 2875 1081 2906 3.
1104 2876 1136 2906 4:
1160 2875 1194 2904 V.
1217 2875 1244 2905 2.
1268 2875 1314 2904 34.
1583 2915 1618 2943 2*
