1951 3040
172 95 223 133 16

157 211 270 244 stivae
298 221 340 244 ac
365 209 527 244 sordidae
544 209 608 250 ⁴¹)·
601 236 609 252 ,
650 208 742 243 adde
768 208 862 253 quod
900 208 1106 244 immodicus
1146 213 1203 245 est
1238 209 1442 257 aestimator
1477 208 1542 245 sui.
1566 180 1706 244 00ῃῷ
1722 207 1838 248 fiatur

167 267 319 305 Sosicles
345 268 415 304 iam
442 280 495 315 pr·
485 267 690 303 weferendus
706 271 807 312 esset,
839 267 875 303 ni
900 271 974 303 tam
1000 266 1189 304 iracundus
1215 267 1287 303 irae
1312 267 1456 303 omnino
1481 266 1580 303 frena
1604 257 1779 303 relaxaret
1790 266 1836 312 ⁴¹)

167 340 357 374 omnesque
385 328 493 363 bonos
518 339 632 362 mores
660 339 721 373 spe
748 327 918 362 delicatae
945 327 1090 363 cenulae
1116 329 1328 374 perverteret
1340 326 1394 372 ⁴⁸).

287 398 340 434 Ut
366 397 620 433 Menaechmus
646 396 819 433 secundus
844 396 1008 434 Erotium
1033 409 1140 443 quam
1166 396 1310 433 stultam
1336 389 1448 443 putat,
1473 395 1593 432 tallere
1611 396 1730 433 studet
1755 409 1834 433 cum

171 459 245 504 ipse
272 457 365 492 omni
393 457 474 492 dolo
500 457 660 502 capiatur
677 457 726 491 sic
744 456 850 491 etiam
869 456 1043 491 Diabolus
1069 456 1257 492 Asinariae
1283 459 1386 502 putat
1410 455 1476 491 sibi
1502 456 1652 491 amicam
1678 459 1833 502 emptam

171 529 246 553 esse
272 517 395 563 viginti
421 516 534 560 minis,
561 528 640 552 cum
667 516 744 562 ipsa
769 515 863 551 domi
890 528 970 552 cum
997 515 1074 551 aliis
1101 516 1315 552 amatoribus
1340 515 1432 551 hanc
1455 515 1655 562 ‘pecuniam
1682 515 1836 562 abligur-

171 578 238 612 riat
264 576 350 612 nihil
376 577 489 622 magis
515 576 700 612 ridiculum
727 588 802 612 esse
832 580 956 622 potest,
997 588 1118 622 quam*
1143 576 1207 611 iste
1246 576 1451 612 adulescens
1476 575 1535 622 qui
1562 576 1615 611 ira
1640 575 1837 620 excanduit,
1869 572 1872 573 ⁷

169 649 272 683 quem
299 637 462 672 meretrix
487 637 613 672 insana
639 636 745 671 ferme
771 636 957 671 insolentia
983 635 1175 671 cavillatur.

289 706 475 742 Hactenus
502 706 545 741 de
572 705 726 742 moribus
765 705 1041 741 adulescentium
1080 717 1123 740 ex
1153 705 1204 750 iis,
1231 717 1321 751 quae
1360 706 1715 751 commemoravimus,
1753 706 1838 742 satis

169 766 325 812 intellegi
365 769 489 812 potest,
529 765 696 801 Plautum
736 765 973 801 institutorum
1013 764 1230 801 Graecorum
1270 765 1499 801 mutationem
1538 765 1659 802 fecisse
1697 766 1838 812 suisque

170 825 453 862 adulescentibus
492 825 649 861 habitum
690 825 930 861 Romanorum
970 825 1192 870 attribuisse3
1230 836 1312 861 nam
1352 837 1432 861 cum
1471 825 1754 872 perversitatibus
1780 826 1834 862 sui

168 886 344 932 temporis,
384 898 474 931 quae
514 886 641 931 partim
681 897 723 920 ex
762 885 947 931 disciplina
985 889 1129 920 externa
1168 889 1303 931 partem
1342 898 1385 921 ex
1410 890 1513 932 parta
1538 889 1710 933 potestate
1736 890 1835 921 ortae
1871 890 1876 896 “

170 949 261 989 sunt,
287 946 392 981 etiam
420 945 564 980 virtutes
595 944 870 980 adulescentium
911 944 1150 980 Romanorum
1178 944 1345 980 adiunxit.
1373 945 1549 982 Videlicet
1574 945 1640 981 hoc
1665 946 1839 992 spectavit

169 1005 262 1051 quod
288 1006 393 1041 etiam
409 1005 512 1040 ceteri
530 1008 666 1050 poetae.
681 1009 720 1039 ut
745 1008 897 1040 aetatem
923 1017 1022 1039 suam
1050 1004 1223 1040 excoleret
1248 1005 1301 1040 vel
1328 1005 1402 1041 eius
1428 1005 1593 1041 stultitias
1619 1006 1839 1053 ineptiasque

171 1065 409 1100 insectaretur.
437 1064 628 1099 Pecuniam
656 1064 766 1099 solam
794 1076 862 1098 non
890 1064 1080 1109 quaesivit;
1107 1064 1160 1098 sin
1180 1076 1259 1098 vero
1277 1063 1449 1100 Horatius
1475 1065 1662 1111 increpitat
1677 1065 1718 1109 ⁴⁴)
1744 1065 1836 1111 quod

170 1125 228 1159 ille
255 1128 391 1159 tantum
419 1124 531 1169 pretio
557 1127 593 1159 et
618 1123 777 1158 mercede
804 1123 850 1158 ad
876 1123 1014 1158 fabulas
1041 1123 1218 1158 faciendas
1258 1123 1460 1167 ducebatur,
1492 1124 1659 1169 aequitati
1685 1124 1719 1159 in
1748 1125 1835 1160 vitu-

170 1183 351 1229 peratione
393 1195 518 1228 parum
561 1182 749 1226 consuluit;
794 1194 876 1217 nam
919 1181 1088 1217 familiam
1131 1181 1341 1226 Romanam,
1367 1185 1407 1217 ut
1437 1186 1511 1218 tum
1550 1183 1715 1229 temporis
1753 1187 1841 1227 erat,

163 1230 315 1288 ‘cogitari
343 1245 488 1288 oportet,
527 1243 555 1277 si
595 1242 629 1276 in
656 1241 783 1277 fabulis
830 1242 999 1277 Plautinis
1043 1242 1223 1287 aliquanto
1262 1242 1340 1288 plus
1383 1254 1489 1288 quam
1534 1254 1646 1278 mores
1685 1247 1840 1289 agrestes

171 1305 393 1349 quaerantur.

290 1372 450 1407 Moribus
482 1372 757 1407 adulescentium
798 1373 971 1417 artissime
997 1384 1033 1407 se
1060 1372 1256 1417 adiungunt
1294 1372 1345 1407 illi
1384 1372 1556 1407 caelibum
1584 1376 1619 1408 et
1644 1373 1841 1417 viduorum,

171 1443 318 1477 quorum
345 1431 506 1477 exempla
532 1432 638 1466 etiam
666 1444 745 1466 rara
771 1435 862 1466 suut.
889 1431 1028 1476 Religio
1067 1431 1158 1466 enim
1200 1432 1411 1467 matrimonii
1439 1435 1515 1467 erat
1541 1432 1656 1467 adhuc
1682 1432 1840 1478 integra3

171 1491 326 1526 nondum
353 1503 416 1536 pro
444 1491 579 1535 virtute,
605 1503 668 1537 pro
694 1491 826 1536 pudore
858 1491 1006 1526 divortia
1061 1491 1233 1537 vigebant,
1272 1491 1433 1537 quamvis
1472 1491 1644 1527 lenocinia
1681 1492 1839 1538 aliquan·

168 1554 243 1586 tum
270 1554 520 1586 exercerentur.

288 1620 367 1655 Iam
395 1620 440 1655 ab
466 1620 564 1655 initio
590 1620 693 1655 huius
720 1620 844 1666 capitis
870 1620 1226 1664 commemoravimus,
1266 1620 1489 1656 matrimonia
1529 1620 1636 1657 dilabi
1677 1621 1839 1668 coepisse.

171 1680 423 1724 Oonfarreatio,
449 1680 542 1725 quod
569 1692 678 1725 genus
705 1680 868 1715 connubii
908 1681 1162 1716 sanctissimum
1205 1685 1289 1724 erat,
1331 1681 1483 1726 itemque
1510 1682 1683 1727 coemptio
1712 1682 1746 1717 in
1775 1694 1840 1718 usu

170 1752 244 1775 esse
270 1739 466 1783 desierunt3
494 1743 532 1775 at
557 1739 729 1775 connubio
756 1752 818 1786 per
844 1752 945 1775 usum
971 1740 1073 1785 facto,
1100 1739 1192 1786 quod
1220 1752 1328 1775 unum
1355 1743 1391 1775 et
1416 1739 1486 1775 fere
1512 1739 1623 1775 solum
1650 1743 1725 1776 tum
1765 1745 1841 1777 erat

170 1812 290 1845 genus,
317 1799 502 1835 divortium
528 1799 642 1835 facere
669 1799 779 1835 multo
797 1799 932 1835 facilius
950 1803 1026 1836 erat
1051 1812 1157 1846 quam
1176 1799 1357 1835 connubiis
1374 1811 1464 1846 quae
1483 1812 1589 1846 supra
1621 1800 1771 1837 diximus
1787 1801 1839 1846 ⁴⁶).

170 1860 359 1895 Praeterea
385 1860 491 1895 etiam
517 1872 571 1896 res
597 1859 786 1896 familiares
813 1860 943 1896 domini
984 1863 1194 1907 potestatem
1231 1859 1445 1896 minuebant.
1486 1859 1576 1896 Cum
1616 1861 1708 1897 enim
1736 1865 1841 1898 antea

172 1932 259 1955 uxor
298 1920 343 1954 ad
371 1920 495 1963 mariti,
522 1932 591 1955 non
619 1920 665 1955 ad
690 1933 792 1956 suum
825 1920 1005 1955 arbitrium
1033 1921 1161 1955 viveret
1184 1921 1242 1965 qui
1269 1920 1374 1955 etiam
1404 1920 1452 1955 rei
1478 1920 1659 1956 familiaris
1685 1925 1837 1967 potesta-

170 1983 241 2014 tem
267 1979 413 2014 haberet
438 1979 611 2014 connubio
637 1991 699 2025 per
726 1992 868 2015 manum
897 1980 1094 2015 institutum
1121 1983 1183 2024 est,
1204 1983 1244 2015 ut
1264 1992 1351 2015 uxor
1375 1980 1453 2026 ipsa
1478 1992 1561 2015 suae
1588 1980 1636 2015 rei
1662 1980 1841 2017 familiaris

172 2039 313 2074 domina
339 2042 429 2074 esset
445 2039 497 2083 ⁴¹³),
523 2039 641 2084 itaque
669 2039 775 2074 animi
802 2040 970 2085 impetum
991 2039 1089 2086 sequi
1110 2043 1227 2085 posset
1252 2039 1393 2074 minime
1411 2039 1556 2075 veritam
1574 2051 1618 2075 ne
1634 2040 1794 2076 dominus
1808 2045 1843 2076 et

173 2099 319 2133 maritus
346 2099 627 2134 intercessionem
655 2098 833 2144 quandam
861 2103 1022 2134 tentaret.
1050 2099 1133 2145 Qua
1148 2111 1184 2134 re
1203 2099 1311 2145 patris
1327 2090 1476 2142 familias
1503 2100 1656 2145 gravitas
1682 2100 1842 2144 concidit,

174 2158 364 2204 eodemque
391 2158 494 2193 modo
521 2158 626 2193 etiam
654 2170 768 2193 mores
795 2159 973 2204 utriusque
999 2159 1109 2205 partis
1135 2159 1247 2204 magis
1273 2159 1453 2204 magisque
1479 2159 1568 2205 lapsi
1595 2163 1686 2195 sunt.

294 2228 336 2263 In
364 2227 492 2262 fabulis
519 2227 705 2271 nonnullis,
733 2231 772 2262 ut
798 2228 831 2262 in
862 2228 1037 2272 Asinaria,
1064 2229 1098 2263 iu
1127 2227 1267 2271 Casina,
1293 2229 1327 2263 in
1357 2221 1563 2272 Mercatore,
1589 2229 1624 2263 in
1654 2228 1838 2264 Bacchidi-

175 2287 238 2321 bus
266 2287 335 2321 iam
363 2286 550 2321 dissolutos
576 2287 770 2321 invenimus
797 2287 946 2322 virorum
965 2300 1079 2322 mores
1097 2299 1321 2332 uxorumque,
1348 2287 1501 2333 satisque
1523 2291 1660 2322 constat
1676 2288 1728 2332 ⁴⁷),
1754 2287 1842 2322 tales

173 2358 227 2381 res
255 2358 324 2381 non
352 2345 511 2381 insolitas
537 2345 652 2381 fuisse.
679 2346 737 2380 Ex
776 2346 852 2381 loco
891 2347 1041 2392 quodam
1083 2346 1261 2393 scriptoris
1300 2346 1541 2383 Romanorum
1575 2359 1688 2382 rerum
1706 2346 1747 2390 ⁴⁸)
1774 2359 1842 2393 quo

175 2405 469 2451 quemadmodum
515 2404 606 2441 Cato
646 2405 712 2450 (vel
756 2405 825 2440 alio
864 2405 939 2441 loco
982 2406 1149 2442 Metellus
1184 2406 1433 2442 Macedonicus
1477 2408 1609 2450 censor)
1653 2406 1697 2441 de
1722 2407 1840 2442 matri·

174 2465 299 2500 moniis
326 2468 361 2500 et
387 2464 430 2499 de
457 2465 540 2511 ipsis
566 2464 703 2500 feminis
747 2465 958 2510 cogitaverit,
1001 2469 1172 2510 narratur,
1214 2466 1379 2501 Plautum
1423 2478 1502 2503 vere
1543 2465 1715 2501 iudicasse
1741 2465 1841 2502 facile

174 2524 396 2570 intellegitur.

294 2635 340 2669 ⁴¹2,
364 2635 409 2669 ⁴²),
433 2635 470 2669 ⁴⁸)
491 2634 669 2662 Menaechmi
692 2634 758 2664 210.
782 2634 848 2668 269,
872 2634 938 2662 417.

295 2675 331 2703 ⁴⁴)
354 2673 454 2707 Horat,
477 2683 520 2710 ep.
543 2673 579 2707 11,
605 2673 629 2705 1,
655 2673 719 2701 170.

294 2713 331 2744 ⁴⁶)
353 2712 437 2741 Miles
457 2712 599 2748 gloriosus
621 2712 794 2743 963-9642
820 2712 1024 2741 loon-1001.

295 2753 332 2783 ⁴⁶)
353 2752 496 2781 Mercator
516 2752 583 2787 235,
606 2752 779 2790 Amphitruo
801 2752 867 2781 774.

296 2793 333 2822 ⁴⁷)
354 2791 487 2820 Asinaria
508 2792 675 2820 919--920.

296 2832 333 2866 ⁴⁸)
355 2830 452 2859 Livius
474 2830 610 2860 XXXIV.
632 2831 660 2860 6.
