1951 3040
1719 99 1769 136 15

223 209 369 246 Etenim
393 217 506 246 mores
533 209 679 247 Charini
703 210 786 247 licet
816 210 933 248 videre
958 211 995 247 in
1020 210 1238 255 Mercatore3
1264 210 1323 246 hic
1359 210 1680 255 animadvertimus,
1707 222 1778 246 non

110 265 238 313 nimios
262 268 394 306 fiirores
420 269 726 317 contumeliasque,
751 270 904 307 laetitias
930 269 1136 315 exultantes,
1163 282 1368 317 amoresque
1393 269 1540 306 lascivos
1575 282 1665 306 unas
1701 282 1777 306 esse

110 330 262 367 rationes
288 330 448 376 solasque
475 331 525 367 vis
551 331 713 367 comicae.
765 330 867 378 Quae
904 331 997 367 enim
1035 334 1153 378 partes
1191 331 1303 377 magis
1342 330 1509 367 ridendae
1549 334 1632 367 simt
1670 325 1777 376 quam

110 384 286 427 Charini?
313 389 366 425 At
391 402 461 425 non
486 390 577 435 furit,
603 402 673 426 non
699 380 863 437 superbit,
914 382 1115 437 ingenium*
1130 402 1201 426 non
1240 390 1405 426 venditat.
1459 390 1610 427 Perenni
1670 390 1774 425 modo

110 449 360 485 lamentatione
387 449 586 496 eiulatuque
612 449 652 485 fit
676 450 859 494 ridiculus3
897 463 964 487 non
991 451 1107 486 minus
1145 462 1249 496 quam
1290 450 1417 496 septies
1433 450 1475 493 ³³)
1515 450 1561 485 ad
1601 462 1773 485 summam

109 508 388 556 desperationem
414 508 599 545 adducitur
623 521 738 545 errore
763 510 824 546 sui·
843 511 979 546 amoris.
1031 509 1142 545 Modo
1168 509 1262 555 quod
1288 513 1423 555 patrem
1462 509 1594 553 fefellit,
1633 509 1768 545 lamen-

110 559 214 613 tatur,
240 567 343 604 modo
370 568 581 605 condemnat
605 569 713 605 vitam
738 569 918 606 inhoneste
945 574 1061 606 actam
1088 569 1192 605 modo
1217 569 1486 605 familiarissimo
1513 582 1576 605 suo
1602 569 1774 605 irascitur.

110 628 170 666 Sic
195 640 381 664 oneramur
406 632 441 664 et
480 628 659 665 abruimur
694 628 914 666 flebilissimis
953 630 1066 667 verbis
1104 629 1282 676 nostrique
1321 642 1443 666 sensus
1482 629 1626 666 mirifico
1668 629 1772 665 modo

108 691 301 725 moventur.
327 688 399 724 Ubi
426 689 532 725 tristis
558 689 604 725 sit
629 702 767 725 necesse
793 694 854 736 est,
880 691 1045 727 ridiculus
1071 690 1119 726 fit.
1162 689 1260 726 Num
1286 689 1371 735 quid
1396 689 1517 725 fortius
1560 702 1634 725 esse
1660 693 1775 736 potest

108 749 171 784 tali
197 747 375 795 persona?

211 807 375 844 ·Praeter
401 807 546 845 Charini
573 821 715 854 morem,
742 822 843 855 quem
870 810 964 845 haud
1007 810 1185 845 imitamur
1223 809 1499 845 adulescentium
1538 821 1660 853 moreS,
1687 822 1773 855 quos

109 868 464 912 commemoravimus,
491 869 550 914 qui
577 869 736 904 imitandi
774 870 851 913 sint,
892 870 986 915 digni
1026 873 1117 905 sunt.
1157 868 1303 905 Charini
1343 857 1644 912 lamentationum,
1683 881 1773 914 quae

89 928 181 964 'viro
207 927 373 974 indignae
399 931 481 963 sunt
506 929 611 963 etiam
639 941 700 964 nos
726 929 879 965 taedium
905 933 979 965 tum
1007 929 1110 975 capit,
1137 941 1215 964 cum
1243 941 1323 964 eum
1350 929 1473 964 ceteris
1515 928 1614 963 bonis
1640 929 1772 964 artibus

107 987 304 1034 praeditum
330 987 496 1023 videmus.

226 1046 391 1083 Alterum
417 1048 471 1083 vel
510 1047 694 1084 dilucidius
736 1048 931 1095 exemplum
972 1049 1136 1085 imbecilli
1176 1049 1283 1084 animi
1326 1048 1528 1084 Dinarchus
1569 1048 1772 1084 Truculenti

106 1107 260 1153 praebet.
288 1107 362 1143 Iste
388 1108 515 1143 stultus
541 1112 678 1143 amator
702 1101 926 1152 meretricem,
952 1121 1057 1154 quam
1084 1121 1222 1154 semper
1254 1108 1476 1154 perfidiosam
1516 1108 1771 1152 animadvertit,

107 1167 265 1203 deserere
292 1179 362 1203 non
388 1171 511 1213 potest.
551 1167 774 1214 Quamquam
815 1169 906 1204 enim
946 1169 1033 1204 bene
1075 1169 1255 1212 intellexit,
1298 1181 1367 1214 quo
1393 1168 1562 1212 inciderit,
1595 1180 1697 1213 quem
1725 1168 1770 1203 ad

107 1226 249 1262 modum
275 1227 487 1262 miserrimus
513 1227 558 1262 sit
582 1227 704 1272 factus,
730 1229 886 1273 quamvis
912 1228 1043 1271 viderit,
1084 1228 1232 1262 amicam
1271 1228 1375 1262 trium
1417 1228 1610 1262 amantium
1650 1227 1768 1262 modo—

106 1286 266 1321 ratricem
293 1286 414 1321 eodem
454 1290 607 1332 tempore
646 1299 729 1331 esse,
767 1291 902 1323 tantum
944 1287 1043 1322 abest
1082 1291 1120 1322 ut
1147 1287 1293 1332 imperet
1333 1287 1404 1322 suis
1427 1286 1704 1332 cupiditatibus,
1731 1290 1768 1322 ut

106 1357 243 1391 semper
267 1349 433 1391 queratur
449 1346 498 1389 ³⁴).
526 1346 695 1382 Auolicus
721 1346 949 1382 Phronesium
976 1347 1020 1381 ab
1046 1359 1087 1382 eo
1114 1346 1200 1381 abiit
1226 1350 1451 1389 assectatura,
1469 1347 1528 1391 qui
1555 1346 1633 1392 plus
1660 1345 1769 1388 daret,

106 1406 333 1442 exacerbatus
351 1410 405 1442 est
421 1410 456 1441 et
473 1407 601 1450 iratus;
628 1419 717 1452 quae
735 1410 851 1442 autem
873 1410 913 1442 ut
938 1406 1051 1450 rediit,
1077 1406 1231 1441 maxima
1258 1406 1435 1451 voluptate
1462 1410 1515 1440 est
1540 1405 1699 1451 perfusus
1718 1405 1767 1447 ³⁶).

106 1465 173 1500 Ille
200 1477 300 1501 verus
326 1470 463 1501 amator
487 1470 549 1510 est,
575 1478 677 1511 quem
705 1465 915 1512 Astaphium
944 1469 1195 1501 commemorat
1212 1465 1261 1509 ³⁰).

225 1525 452 1561 Matrimonio
491 1526 703 1570 coniunctus,
742 1538 819 1561 cum
858 1524 939 1560 felix
977 1524 1084 1571 probe
1123 1537 1249 1571 parens
1289 1528 1351 1569 est,
1378 1528 1494 1560 tamen
1523 1524 1609 1559 nihil
1636 1524 1678 1559 de
1705 1537 1770 1559 sua

107 1586 356 1621 consuetudine
381 1589 495 1621 mutat
520 1589 556 1621 et
580 1586 683 1632 priori
710 1585 844 1620 libidini
870 1585 975 1620 etiam
1002 1597 1095 1620 nunc
1121 1588 1221 1630 paret
1240 1585 1290 1629 ⁸⁷).

226 1645 468 1691 Nequissimus
494 1646 597 1681 homo
624 1645 827 1681 adulescens
855 1643 1107 1681 Callidamates
1138 1648 1191 1679 est
1216 1645 1250 1679 in
1278 1644 1407 1688 fabula,
1433 1656 1524 1689 quae
1550 1643 1770 1679 Mostellaria

106 1704 312 1753 inscribitur.
356 1704 524 1751 Quamvis
566 1709 670 1751 poeta
710 1708 832 1751 postea
872 1716 1013 1750 operam
1057 1703 1126 1747 det,
1170 1707 1210 1739 ut
1235 1716 1313 1738 eum
1355 1707 1455 1738 ornet
1480 1707 1516 1738 et
1541 1703 1769 1747 commendet,

106 1764 224 1810 itaque
251 1765 325 1801 eius
350 1765 537 1810 imaginem
564 1765 599 1799 in
626 1764 766 1800 meliore
792 1764 868 1799 luce
895 1763 1050 1807 collocet,
1084 1767 1201 1798 tamen
1230 1776 1343 1798 mores
1382 1763 1485 1798 huius
1525 1762 1769 1799 Callidamatis

109 1835 171 1859 nos
197 1823 387 1868 offendunt,
427 1825 486 1869 qui
513 1824 689 1867 sentimus,
727 1823 823 1858 haud
861 1822 961 1857 facile
1000 1834 1210 1867 quemquam
1251 1822 1504 1857 dissolutiorem
1545 1834 1620 1857 esse
1658 1834 1768 1867 posse.

107 1881 390 1919 Lascivus-enim
419 1887 473 1919 est
497 1886 532 1918 et
557 1882 726 1929 petulans,
752 1894 832 1918 acer
857 1885 965 1928 pater,
991 1893 1095 1927 quem
1121 1882 1322 1916 immanitas
1349 1881 1526 1927 sequitur;
1567 1881 1612 1916 ad
1638 1881 1705 1916 hoc
1730 1884 1770 1916 ut

106 1941 190 1977 levis
216 1942 330 1986 homo,
357 1943 570 1977 mansuetior
595 1946 698 1987 atque
724 1931 876 1987 apertus:
901 1940 939 1976 Si
956 1953 993 1976 se
1009 1953 1103 1975 mere
1121 1941 1315 1986 complevit,
1333 1953 1375 1975 eo
1396 1941 1576 1975 ebrietatis
1603 1940 1768 1986 pervenit,

107 2004 145 2036 ut
163 2007 234 2037 ‘nos
260 2002 449 2037 maximum
478 2002 630 2037 taedium
658 2001 775 2047 capiat
799 2000 852 2036 sui
879 2011 948 2035 non
975 2000 1153 2046 compotis,
1171 2000 1259 2035 adeo
1278 2004 1318 2035 ut
1335 2000 1399 2034 etsi
1418 1999 1609 2046 aliquando
1635 1999 1769 2035 sobrius

106 2063 169 2105 est,
196 2064 312 2096 tamen
353 2073 431 2108 eum
472 2073 608 2107 semper
650 2060 822 2096 contemni
865 2063 1034 2105 oporteat,
1076 2060 1280 2105 praesertim
1312 2072 1391 2094 cum
1417 2059 1519 2094 facile
1546 2059 1771 2103 intellegatur

107 2132 185 2156 eum
213 2120 289 2157 sola
314 2121 458 2157 ductum
484 2121 626 2157 libidine
652 2133 733 2156 mox
750 2132 768 2155 e
795 2119 949 2155 convivio
967 2118 1011 2154 ad
1028 2118 1124 2154 aliud
1150 2118 1315 2154 titubanti
1343 2114 1455 2163 gradu
1481 2118 1708 2154 transiturum
1728 2117 1768 2162 ³⁸)

107 2183 211 2226 atque
237 2166 378 2217 tandem
406 2185 491 2228 potu
518 2182 645 2217 victum
672 2181 762 2216 inter
787 2179 920 2215 amicae
944 2178 1108 2214 bracchia
1134 2178 1312 2224 crapulam
1342 2178 1490 2224 turpiter
1516 2177 1766 2213 adm-initurum

106 2252 201 2285 esse3
227 2242 355 2288 quippe
382 2254 461 2277 eum
487 2242 580 2277 leves
595 2241 845 2277 -adulescentes
870 2239 962 2274 illius
993 2238 1168 2284 temporis,
1207 2242 1247 2274 ut
1285 2238 1504 2290 Phedromus
1543 2237 1767 2273 Curculioniis

107 2313 175 2336 non
202 2301 304 2337 aliter
329 2306 480 2338 aetatem
507 2302 748 2347 transegerint,
774 2304 877 2346 atque
903 2299 937 2334 in
966 2299 1129 2334 conviviis
1155 2302 1198 2333 et.
1216 2298 1311 2344 apud
1338 2298 1475 2344 puellas
1493 2299 1546 2342 ²⁵⁹).

225 2370 370 2407 Praeter
408 2372 643 2407 ebriositatem
681 2371 932 2415 levitatemque,
971 2369 1117 2412 vanitas,
1154 2368 1365 2413 arrogantia,
1401 2367 1570 2402 helluatio
1596 2366 1766 2401 malorum

107 2434 188 2466 sunt
214 2424 387 2468 i‘nvenum.
415 2432 467 2467 Ut
492 2432 649 2478 exemplo
676 2435 763 2475 utar,
803 2428 1054 2479 Menaechmus
1081 2428 1111 2472 I,
1137 2428 1242 2463 homo
1269 2428 1506 2473 ineptissimus
1532 2439 1568 2462 se
1598 2427 1707 2461 iactat
1732 2430 1768 2460 et

107 2494 259 2527 ostentat
274 2493 317 2537 ⁴⁰)
343 2504 379 2527 se
406 2492 565 2527 omnibus
607 2491 768 2526 heroibus
807 2488 1023 2536 antiquitatis
1062 2501 1136 2524 esse
1175 2501 1306 2535 parem,
1345 2487 1548 2536 quibuscum
1576 2498 1766 2531 congruere

106 2552 275 2597 potuerit3
302 2553 361 2599 qui
388 2555 504 2588 autem
532 2552 674 2588 virtutes
700 2562 909 2598 quamquam
937 2549 1106 2585 ebulliens
1132 2553 1168 2585 et
1192 2549 1382 2595 sapientias
1409 2548 1457 2583 rei
1486 2560 1585 2583 verae
1622 2547 1765 2582 omnino

108 2622 174 2646 non
204 2613 407 2659 responden
434 2616 469 2647 et
494 2612 645 2659 profecto
672 2612 811 2658 quidem
837 2622 905 2645 non
932 2609 1125 2655 profundae
1152 2609 1254 2644 modo
1281 2613 1334 2643 est
1360 2608 1462 2652 gulae
1488 2608 1550 2642 sed
1593 2608 1762 2652 intempe-

225 2723 263 2755 Σι3)
284 2722 427 2751 Mercator
447 2722 513 2757 329,
535 2723 602 2755 463,
626 2723 692 2755 580,
715 2722 781 2752 594.
806 2721 871 2753 761,
895 2720 961 2753 819,
984 2719 1051 2748 848.

225 2762 270 2797 ³⁴).
293 2762 339 2797 ⁸¹⁵),
361 2763 407 2797 ³⁶),
431 2763 475 2798 ³⁷),
498 2763 535 2798 ³⁸)
556 2761 748 2790 Tru‹·ulentus
769 2759 933 2792 725—741,
956 2758 1022 2790 320.
1046 2759 1112 2788 224.
1136 2759 1203 2787 229.
1226 2758 1292 2786 848.
1316 2757 1337 2785 l.
1360 2758 1387 2785 4.

225 2803 262 2837 ³¹⁹)
283 2801 425 2832 Curculio.

224 2843 262 2876 ⁴⁰)
283 2841 460 2870 Menaechmi
484 2842 548 2870 199.
