1951 3040
171 139 228 180 30

291 256 538 296 Iucundiorem
565 256 754 302 imaginem
781 268 894 292 mores
919 256 1034 297 Erotii
1049 257 1085 292 in
1106 256 1237 302 fabula,
1262 269 1355 304 quae
1379 256 1604 296 Menaechmi
1628 257 1837 304 inscribitur,

169 316 350 363 praebent.
393 315 495 363 Quae
536 328 751 362 quamquam
793 316 920 352 summi
962 316 1081 352 iudicii
1102 316 1142 361 ¹⁸)
1186 316 1371 352 meretricii
1396 328 1588 364 numquam
1613 316 1837 363 obliviscitur,

169 380 287 412 tamen
315 388 401 412 cura
426 376 587 412 utilitatis
614 379 677 412 aut
701 375 919 411 illiberalitas
945 388 1016 411 non
1042 375 1182 412 elucent
1198 376 1250 421 ¹⁹).

289 436 346 471 Ea
371 436 464 472 enim
491 440 599 481 curat,
626 439 666 472 ut
691 448 815 472 amans
854 436 905 471 vir
943 448 1013 471 non
1052 435 1164 472 solum
1204 435 1348 482 largiter
1385 448 1422 472 se
1461 436 1592 480 invitet,
1630 436 1691 475 sed
1729 437 1836 472 etiam

169 496 269 531 bonis
309 497 383 538 eius
423 496 556 531 artibus
595 496 804 538 delectetur3
843 507 1034 541 numquam
1065 507 1161 530 more
1200 495 1394 530 meretricio
1433 494 1594 540 neglecto
1610 495 1663 540 ⁵⁰),
1701 507 1840 542 semper

168 555 287 590 studet
313 555 522 590 utilitatibus
549 555 620 590 suis
646 555 681 590 in
709 558 915 601 perpetuum
942 554 1139 598 consulere3
1166 555 1195 590 si
1221 566 1308 590 uxor
1333 567 1411 590 cum
1439 555 1512 590 viro
1530 555 1672 599 rixatur,
1698 567 1836 601 semper

167 627 190 649 a
215 615 373 661 partibus
401 615 464 650 viri
490 619 543 651 est
563 618 600 650 et
625 615 811 650 festivitate
838 615 1070 660 eomitateque
1096 615 1261 650 maritum
1279 614 1325 649 ad
1342 626 1379 649 se
1400 613 1509 649 trahit
1523 614 1565 658 ¹¹)
1591 613 1677 660 quid
1701 613 1836 649 multa!

168 686 204 709 re
231 674 265 708 in
306 674 505 709 universum
545 674 766 709 considerata
804 677 990 709 munsueta
1028 677 1082 710 est
1118 673 1291 718 meretrix,
1329 673 1393 709 etsi
1420 673 1594 711 interdum
1633 673 1755 710 dentes
1780 685 1852 710 re->

168 733 307 779 stringit
322 733 374 778 23).

287 793 329 828 In
357 793 487 837 fabula,
513 806 603 839 quae
643 794 747 829 Miles
785 794 955 838 gloriosus
993 793 1199 838 inscribitur,
1238 794 1363 829 iterum
1401 797 1483 830 sunt
1532 793 1713 840 oppositae
1738 793 1830 829 duae

168 853 375 889 meretrices.
399 853 477 889 [am
504 853 604 889 initio
631 853 910 889 Acroteleutium
938 853 1080 898 indicat,
1110 866 1260 899 quacum
1301 853 1399 889 nobis
1437 847 1491 889 res
1517 853 1563 888 sit
1578 853 1629 897 ²³).
1670 852 1832 889 Clarissi-

168 925 263 948 mum
290 913 383 948 enim
410 913 480 949 fere
508 913 623 948 lumen
653 913 872 948 meretricum
912 916 974 957 est,
1013 913 1108 959 quod
1146 913 1307 949 omnibus
1348 913 1491 958 artibus,
1523 926 1613 959 quae
1640 913 1718 958 usui
1742 915 1835 957 sunt,

169 976 341 1008 exornata
366 976 428 1016 est,
456 976 494 1008 ut
515 972 639 1008 stultos
666 972 766 1008 sallat
792 977 828 1009 et
852 973 995 1017 illiciat3
1030 985 1112 1009 nam
1139 972 1266 1009 florens
1293 976 1410 1009 aetate
1449 974 1709 1019 formaqueest
1734 973 1836 1016 sicca,

167 1032 319 1076 succida,
346 1032 472 1077 lepida,
499 1032 722 1068 fraudulenta
740 1033 791 1076 ²⁴).
819 1054 865 1058 —
891 1033 938 1067 Ei
965 1033 1154 1079 opponitur
1178 1032 1357 1069 honestior
1382 1033 1688 1078 Philocomasium,
1713 1031 1774 1068 sed
1800 1036 1836 1068 et

167 1091 256 1127 haec
283 1095 409 1127 natura
435 1105 499 1127 sua
526 1104 595 1127 non
623 1096 752 1138 negata
777 1093 899 1128 eodem
926 1092 1030 1128 modo
1057 1092 1314 1150 confidentemk
1332 1093 1512 1136 audacem,
1539 1096 1579 1129 ut
1604 1092 1774 1139 perfidam
1800 1095 1837 1148 et

168 1152 426 1188 fraudulentam
453 1164 489 1187 se
515 1152 669 1187 ostendit
684 1153 736 1196 ³⁵).

287 1211 483 1257 Singularis
521 1224 671 1258 persona
709 1216 763 1248 est
800 1212 1037 1259 Pasicompsa,
1081 1213 1243 1248 meretrix
1285 1213 1460 1260 quaedam
1500 1213 1535 1248 iu
1570 1212 1699 1257 fabula,
1741 1225 1834 1258 quae

168 1272 345 1307 Mercator
370 1271 577 1308 inscribitur.
605 1271 730 1318 Neque
757 1273 850 1307 enim
877 1272 999 1308 similis
1025 1277 1078 1308 est
1103 1272 1354 1318 Acroteleutio,
1393 1273 1447 1309 cui
1489 1285 1609 1309 omnes
1634 1272 1716 1308 illae
1742 1275 1835 1308 artes

166 1332 295 1375 insunt,
321 1331 446 1377 quibus
473 1332 583 1368 virum
611 1344 738 1380 capere
763 1332 882 1378 possit,
910 1344 1022 1378 neque
1062 1333 1223 1377 Philenii,
1264 1346 1377 1379 neque
1418 1333 1665 1369 Philocomasii
1692 1332 1832 1368 urbani-

166 1395 274 1427 tatem
302 1391 417 1435 habet,
457 1404 526 1438 quo
565 1392 731 1427 humilem
772 1387 897 1436 locum,
924 1405 1028 1438 quem
1068 1396 1164 1428 tenet
1203 1393 1362 1429 occultet.
1403 1393 1568 1429 Ceterum
1608 1393 1774 1428 innocens
1795 1395 1835 1437 ‚et

166 1452 313 1497 simplex
339 1452 458 1497 puella
483 1455 545 1496 est,
572 1464 662 1497 quae
689 1452 801 1497 magis
827 1452 954 1487 idonea
980 1455 1034 1487 est
1059 1452 1152 1488 filiae
1178 1452 1335 1499 partibus
1375 1453 1504 1499 pagani
1543 1452 1725 1488 cuiusdam
1751 1451 1834 1487 civis

166 1524 272 1557 quam
300 1511 346 1546 ad
362 1512 580 1547 serviendum
599 1512 801 1547 libidinibus
820 1512 997 1558 podagrici
1018 1512 1130 1556 senis3
1150 1524 1231 1547 nam
1249 1524 1328 1548 vere
1345 1516 1450 1556 amat,
1469 1512 1594 1558 pudice
1612 1511 1766 1557 loquitur
1781 1511 1832 1556 26).

168 1571 313 1607 Prorsus
341 1572 488 1607 honesta
513 1575 627 1608 estet
652 1575 754 1617 grata
793 1584 925 1607 memor
962 1573 1130 1618 cuiusque
1169 1572 1326 1607 beneficii
1343 1572 1404 1616 27);
1445 1572 1530 1607 nihil
1569 1571 1728 1614 simulat;
1768 1582 1832 1605 nec

167 1631 271 1666 verba
298 1644 361 1666 nec
387 1632 481 1667 facta
506 1636 588 1667 sunt
613 1635 715 1667 tecta.
1135 1669 1138 1671 ,

286 1691 371 1736 Ipsa
396 1691 535 1735 fatetur,
561 1704 666 1736 quam
696 1690 780 1725 nibil
807 1690 975 1735 didicerit,
1002 1691 1280 1736 quantulumque
1306 1691 1395 1726 sciat
1409 1691 1461 1735 ²⁸).
1500 1691 1639 1727 Pudore
1665 1690 1831 1737 quodam,

167 1763 270 1795 quem
297 1750 331 1784 in
360 1750 437 1785 aliis
464 1763 533 1786 non
560 1751 765 1794 invenimus,
793 1763 942 1786 errorem
971 1750 1164 1794 confitetur,
1195 1751 1441 1796 confessaeque
1479 1750 1683 1796 simplicitas
1709 1750 1829 1785 admo-

169 1810 251 1844 dum
279 1814 333 1844 est
359 1810 567 1845 admiranda
582 1811 633 1855 22').
674 1809 843 1856 Quamvis
882 1810 972 1845 desit
1013 1810 1199 1856 pudicitiae
1226 1815 1399 1855 venustas,
1429 1814 1547 1846 tamen
1575 1822 1676 1846 nemo
1703 1809 1833 1846 audeat

166 1870 386 1914 contendere,
413 1883 480 1905 non
509 1883 584 1907 esse
611 1870 660 1906 illi
688 1870 839 1917 leporem
868 1871 983 1907 nescio
1009 1884 1121 1917 quem,
1147 1871 1352 1918 dignitatem
1380 1871 1568 1918 quandam,
1594 1883 1664 1916 qua
1690 1870 1830 1906 omnino

166 1931 357 1966 secernitur
383 1945 403 1967 a
430 1931 666 1975 muliebribus,
693 1944 783 1977 quae
811 1944 936 1966 nomen
964 1931 1057 1966 idem
1084 1932 1215 1967 habent
1240 1932 1468 1967 meretricum.

287 1991 513 2026 Phaenicium
543 1991 707 2026 Pseudoli
733 1991 767 2025 in
795 2004 901 2026 scena
920 2003 986 2026 non
1006 1991 1171 2027 videmus.
1199 1991 1232 2026 Ε
1248 1991 1372 2027 litteris
1398 1994 1526 2035 autem,
1552 2003 1639 2036 quas
1661 1989 1707 2025 ad
1733 1989 1828 2025 Cali-

166 2050 288 2085 dorum
316 2051 410 2086 misit
428 2051 480 2095 ³⁰),
508 2051 619 2086 multa
645 2051 895 2096 cognoscimus,
922 2055 961 2086 ut
987 2051 1137 2096 gratiam
1164 2063 1359 2095 amoenam,
1398 2051 1493 2086 haud
1532 2053 1708 2096 expertem
1734 2049 1831 2084 nimii
1851 2060 1858 2064 ’

167 2110 282 2145 cultus
309 2114 344 2145 et
370 2112 555 2157 praecipue
582 2112 790 2157 exquisitam
817 2112 998 2147 scientiam
1025 2111 1254 2157 voluptatum,
1279 2111 1331 2146 ita
1356 2114 1395 2146 ut
1416 2110 1528 2145 facere
1554 2122 1635 2145 non·
1650 2110 1831 2155 possimus,

165 2169 249 2214 quin
276 2170 469 2206 inseramus
496 2184 574 2206 eain
602 2184 744 2207 numero
773 2171 1021 2214 Phileniorum,
1048 2170 1383 2205 Philocomasiorum
1410 2169 1635 2215 aliarumque.

286 2238 366 2285 Quo
392 2252 496 2285 saepe
525 2253 606 2275 usus
632 2244 694 2284 cst,
721 2241 844 2275 eodem
871 2240 1003 2282 comico
1030 2239 1177 2275 artificio
1204 2243 1309 2287 poeta
1335 2240 1553 2287 Adelphasio
1592 2241 1626 2276 in
1669 2240 1828 2276 Poenulo

165 2300 329 2345 opposuit
356 2299 620 2335 Auterastitem.
650 2300 751 2346 Quae
778 2313 991 2346 quamquain
1018 2300 1146 2346 palam,
1168 2313 1204 2335 se
1222 2301 1417 2336 meretrices
1443 2313 1518 2336 esse
1544 2304 1691 2346 utraque
1716 2300 1827 2334 faten-

165 2363 231 2403 tur,
259 2363 376 2395 tamen
405 2360 469 2394 has
496 2372 671 2394 removere
698 2360 743 2394 ab
770 2360 830 2395 illo
857 2372 982 2405 genere
1008 2363 1113 2406 poeta
1139 2359 1264 2395 studet.
1283 2359 1340 2396 Ita
1357 2361 1392 2396 in
1411 2361 1523 2408 primo
1549 2363 1631 2399 actu
1656 2359 1830 2396 secundae

164 2433 289 2456 scenae
317 2420 638 2463 animadvertimus,
665 2433 724 2456 cas
751 2433 826 2457 csse
860 2421 1026 2467 superbas
1071 2423 1176 2466 atque
1219 2420 1283 2456 sibi
1326 2433 1489 2467 arrogare
1531 2421 1662 2467 primas
1703 2423 1829 2466 partes.

165 2481 390 2527 Quamquam
417 2485 527 2516 artem
556 2493 622 2515 non
652 2481 857 2523 detrectant,
884 2493 946 2526 per
984 2493 1091 2526 quam
1131 2480 1259 2515 victum
1297 2484 1478 2526 quaerant,
1514 2484 1631 2516 tamen
1659 2479 1830 2525 effugiunt

164 2541 300 2575 lenonis
326 2541 502 2576 servitium
532 2544 568 2575 et
593 2553 629 2576 se
657 2544 749 2576 totas
788 2541 895 2576 sacris
934 2540 1084 2576 Veneris
1123 2540 1264 2576 dedunt.
1318 2540 1381 2577 Sin
1408 2542 1582 2587 postremo
1609 2544 1727 2576 castae
1752 2552 1828 2585 per-

165 2604 320 2644 manent,
347 2605 420 2636 tum
448 2601 554 2636 etiam
594 2601 660 2636 hoc
700 2600 887 2636 ludibrium
927 2613 1028 2636 casus
1064 2599 1211 2635 ediderit
1245 2600 1393 2645 fortuna,
1431 2613 1538 2646 quam
1576 2603 1681 2647 poeta
1718 2599 1830 2646 ipsam

164 2661 350 2696 arcessivit.
1478 2664 1482 2667 ”

283 2772 327 2804 ¹⁸),
353 2772 396 2802 ¹⁹).
420 2772 465 2802 ⁸⁰).
489 2772 533 2805 Ἰ),
558 2771 595 2806 ¹¹)
617 2770 794 2799 Menaechmi
819 2771 890 2801 193:
913 2770 987 2801 369:
1010 2770 1084 2801 907:
1106 2769 1144 2805 11;
1168 2769 1194 2804 3,
1217 2769 1252 2800 ⁴2:
1275 2770 1323 2805 IV,
1347 2769 1374 2805 3,
1400 2770 1444 2798 14.

283 2812 327 2843 ²⁸).
352 2812 396 2845 ²⁴),
421 2812 457 2845 ¹⁵)
480 2810 540 2839 Mil.
562 2811 634 2847 glor.
658 2811 731 2841 874:
755 2810 805 2842 111,
830 2810 856 2839 3.
882 2811 933 2842 14:
956 2810 993 2838 ΙΙ.
1016 2810 1043 2842 2,
1067 2809 1114 2838 33.

283 2852 327 2885 ¹⁰),
345 2852 396 2885 ¹⁷),
420 2852 465 2883 ¹⁸),
490 2852 526 2881 ²⁹)
547 2850 690 2878 Mercator
710 2850 761 2883 ΙΙΙ,
788 2850 811 2880 1,
837 2850 888 2883 10;
912 2849 962 2881 ΙΙΙ,
989 2849 1012 2884 1,
1036 2850 1082 2882 26,
1106 2848 1160 2878 272
1182 2848 1234 2882 ΙΙΙ,
1260 2849 1284 2882 1,
1307 2848 1458 2883 (35-45).

281 2891 318 2922 ³⁰)
340 2889 498 2917 Pseudolus
520 2889 541 2923 Ι,
567 2889 591 2924 l,
615 2889 661 2917 49.
